4350 5326
984 305 1143 428 m

421 525 598 592 Palmarem
613 523 748 592 Liuineii
773 521 1023 590 emendationem
1047 527 1234 607 sprenerunt
1257 518 1393 584 editores
1416 516 1558 584 eiusdem
1575 515 1758 602 panegyrici
1779 519 1827 598 15,
1845 517 1864 582 3

262 645 293 697 ut
316 636 393 698 era'm
415 645 448 697 ta
471 635 505 696 id
528 636 628 718 a'peeum
653 636 690 698 de
712 635 820 696 ardore
841 634 931 695 tetrice
953 636 1094 696 eaeredm
1116 632 1240 692 serdicae
1261 632 1324 692 siae
1345 630 1410 691 alla
1424 628 1592 691 haesitandi
1611 647 1697 688 neore
1719 645 1779 709 qua
1800 622 1866 686 bre·

261 743 418 803 aretinam
434 762 493 826 per
524 760 587 802 coe
615 741 671 803 iter
702 752 740 803 eet
768 751 855 825 rupto
886 741 1004 824 69116116
1027 739 1192 802 adnotasti:
1224 737 1397 799 celeritatem
1428 735 1566 798 alberada
1590 731 1775 816 reponenda
1797 728 1864 794 Sci-

256 851 409 932 pronciat
433 848 817 912 1666611666616166
840 849 971 932 crepitanti
991 847 1104 910 Itomae
1130 853 1360 930 repraesentante.
1407 838 1592 904 uocabulum
1622 861 1668 902 eoa
1697 836 1771 920 quin
1801 856 1866 900 cor—

260 961 384 1037 ruptum
408 953 448 1018 eit
472 973 562 1018 nemo
579 953 734 1018 dubitauit
756 971 931 1040 nomenque
948 951 1052 1034 gentis
1077 949 1127 1014 uel
1149 949 1209 1013 loci
1233 949 1330 1014 latere
1346 947 1472 1032 Lipsius
1496 945 1657 1010 intellexit.
1693 944 1799 1026 itaque
1815 943 1866 1007 Li·

261 1059 384 1126 uineius
416 1061 581 1127 Venetos
610 1059 735 1144 scripsit
759 1059 996 1125 Constantinum
1021 1055 1167 1140 Aquileia
1189 1057 1318 1120 Romam
1348 1053 1388 1119 ad
1414 1053 1649 1138 opprimendum
1674 1049 1865 1116 Maxentium

263 1167 438 1252 protectum
461 1187 532 1233 esse
555 1175 652 1233 ratus.
699 1174 731 1231 et
754 1164 813 1230 hac
837 1164 962 1249 quidem
986 1163 1017 1228 in
1041 1183 1074 1227 re
1098 1163 1229 1247 errauit:
1259 1181 1360 1244 neque
1391 1160 1473 1225 enim
1497 1157 1720 1224 Constantinus
1743 1157 1868 1222 Verona

264 1281 359 1358 capta
382 1265 544 1358 Aquileiae
567 1272 798 1358 expugnandae
821 1273 890 1358 ipse
915 1271 968 1359 (ct.
986 1269 1187 1358 Arutuenius)
1210 1289 1336 1354 operam
1361 1267 1449 1333 dedit
1471 1267 1527 1332 sed
1551 1265 1656 1351 potius
1678 1263 1783 1330 statim
1807 1265 1868 1328 Ro·

261 1401 343 1446 marn
359 1381 530 1464 contendit,
548 1401 626 1446 uam
648 1403 687 1446 eo
703 1403 784 1446 neore
807 1381 877 1446 tbaa
892 1381 1057 1465 fiJip-eiqbt
1080 1381 1155 1462 daps
1170 1379 1287 1464 elapsed
1308 1377 1431 1440 between
1453 1376 1499 1440 tbe
1517 1374 1677 1437 maerenda·
1699 1372 1736 1456 of
1753 1373 1868 1437 Venno

263 1490 326 1552 aad
347 1491 394 1553 tbe
408 1490 490 1572 fleat
513 1491 641 1554 61661166
665 1488 701 1574 of
718 1489 763 1552 tbe
785 1511 850 1550 wer
873 1487 971 1552 uerba
993 1492 1067 1550 suut
1090 1484 1242 1550 Gibbonis
1266 1504 1293 1548 c.
1321 1488 1361 1551 14
1385 1483 1428 1568 (ΙΙ
1451 1502 1481 1566 p.
1501 1487 1563 1549 191
1581 1479 1630 1544 ed.
1648 1479 1734 1563 Lips.
1756 1477 1865 1564 1829).

261 1594 342 1680 quod
367 1603 472 1662 autem
495 1595 684 1660 Arntaenius
707 1593 824 1658 idcirco
848 1593 1087 1656 Corratantinum
1110 1611 1168 1675 per
1189 1591 1327 1656 Venetos
1350 1589 1523 1672 protectum
1552 1607 1624 1652 esse
1649 1593 1759 1669 negat,
1791 1584 1867 1649 nibil

260 1701 343 1786 agit:
374 1708 406 1767 et
433 1707 557 1785 poterat
585 1698 710 1782 quidem
742 1699 867 1764 Verona
890 1699 1041 1764 Mutinam
1066 1704 1104 1764 et
1130 1695 1204 1762 iude
1235 1697 1364 1760 Romam
1393 1715 1576 1780 properare,
1606 1693 1664 1759 sed
1699 1693 1732 1758 in
1760 1691 1869 1756 tabula

263 1806 510 1889 Peutingeriaua
539 1829 680 1872 quercea.
707 1809 836 1872 bestilia.
864 1807 961 1870 arilia.
979 1829 1098 1891 peecata.
1122 1803 1283 1869 XXXIII.
1305 1805 1432 1868 boatdia.
1457 1804 1492 1868 eb
1516 1803 1644 1866 locatitia.
1663 1823 1721 1886 per
1736 1801 1867 1885 prodam.

264 1913 335 1979 uiae
358 1913 518 1998 appictum
541 1920 590 1977 est
613 1913 739 1980 Verona
761 1915 944 1980 Rauennam
969 1911 1094 1978 ducenti
1124 1911 1271 1994 nrdlaque
1293 1910 1343 1974 uia
1369 1917 1418 1974 est
1439 1909 1520 1976 inter
1542 1909 1699 1974 Veronam
1722 1913 1754 1972 et
1777 1905 1867 1972 Muti-

263 2040 345 2085 nam.
392 2018 525 2102 quodsi
550 2019 774 2086 Constantinus
797 2019 851 2084 illa
880 2017 933 2083 uia
955 2019 1115 2103 utebatur,
1145 2038 1202 2101 per
1223 2018 1361 2082 Venetos
1384 2014 1642 2100 proficiscendum
1667 2014 1696 2081 ei
1720 2021 1798 2080 erat.
1826 2053 1864 2062 -

262 2133 430 2211 praeterea
452 2133 556 2192 autem
580 2125 705 2192 offendo
729 2125 762 2189 in
786 2124 939 2190 uocabulo
960 2127 1054 2190 bane:
1078 2125 1256 2210 scripserim
1279 2149 1379 2210 16116.

422 2233 575 2317 Eutropia
596 2231 779 2298 Maximiani
802 2251 888 2315 uxor,
913 2251 953 2296 ex
976 2250 1039 2314 qua
1060 2231 1253 2297 Maxentium
1276 2237 1309 2296 et
1330 2233 1481 2297 Faustam
1506 2231 1657 2316 suscepit,
1682 2232 1708 2297 11
1732 2251 1765 2296 re
1790 2249 1867 2295 uera

260 2336 450 2404 Diocletiani
482 2339 546 2404 filia
569 2345 651 2423 erat,
681 2359 742 2406 nou
767 2339 832 2405 ueri
855 2337 956 2404 simile
979 2344 1029 2404 est
1050 2336 1242 2403 Maximiano
1265 2337 1411 2421 nupsisse
1436 2343 1603 2420 autequam
1628 2359 1648 2403 a
1670 2337 1867 2404 Diocletiano

262 2445 383 2512 Caesar
405 2446 508 2512 sactus
532 2453 628 2512 esset.
675 2443 758 2527 quod
782 2445 809 2511 si
832 2465 940 2512 nerum
963 2452 1021 2528 est,
1040 2445 1216 2510 Maxentius
1240 2464 1278 2509 co
1302 2464 1393 2527 anno,
1418 2465 1479 2526 quo
1505 2445 1746 2512 aConstautino
1770 2463 1865 2528 prope

260 2553 391 2618 Romam
415 2553 517 2619 uictus
542 2559 574 2617 et
596 2551 720 2617 occisus
743 2557 793 2616 est
816 2551 861 2637 (p.
878 2552 914 2618 C.
931 2573 962 2618 rr.
979 2550 1137 2638 CCCXlI)
1161 2571 1276 2617 anuum
1300 2551 1414 2616 aetatis
1438 2551 1505 2634 egit
1526 2551 1710 2618 uicesimum
1734 2557 1865 2615 sextum.

261 2658 317 2724 sed
353 2658 447 2724 etiam
485 2659 512 2724 si
536 2658 687 2743 Eutropia
719 2677 780 2723 non
814 2657 873 2722 fuit
894 2657 1081 2723 Diocletiani
1111 2657 1176 2722 tilia
1198 2695 1239 2706 —
1264 2658 1409 2724 Aurelius
1431 2657 1538 2723 Victor
1566 2659 1721 2744 epitomae
1745 2661 1797 2739 40,
1824 2661 1866 2724 12

261 2765 445 2850 simpliciter
466 2765 591 2850 Syriam
621 2767 775 2832 mulierem
802 2785 873 2830 eam
902 2765 1041 2850 appellat
1064 2805 1107 2814 —-
1131 2785 1200 2830 oum
1225 2763 1434 2830 Maximianus
1458 2785 1487 2830 a.
1512 2764 1668 2832 CCCVIll
1691 2783 1865 2847 sexagena·

260 2871 325 2938 n'us
349 2871 513 2955 interierit,
538 2871 769 2937 Maxentius'a.
794 2870 938 2937 CCCXII
968 2871 1067 2937 maior
1094 2871 1305 2954 quadraginta
1331 2871 1429 2937 tribus
1460 2872 1550 2938 annis
1580 2880 1671 2938 natus
1704 2892 1775 2939 esse
1803 2890 1865 2936 nou

260 2979 370 3064 potuit.
416 2985 450 3043 at
478 2976 618 3061 prolecto
648 2977 713 3042 ueri
749 2975 849 3044 simile
879 2984 927 3048 est
955 2997 1026 3043 eum
1055 2979 1146 3044 anuis
1177 2977 1273 3043 multo
1303 2977 1478 3044 interiorem
1505 2979 1613 3046 fuisse.
1671 2985 1703 3044 et
1729 2979 1811 3044 enim
1835 3000 1865 3044 a.

262 3085 487 3152 CCLXXXXI
504 3083 706 3151 Constantius
723 3083 921 3150 Constantini
944 3093 1034 3169 pater
1056 3085 1230 3170 cogebatur
1250 3091 1285 3150 ut
1308 3104 1402 3150 uxore
1426 3084 1558 3152 dimissa
1580 3105 1649 3151 cum
1672 3086 1867 3151 Maximiano

259 3191 441 3274 Theodora,
466 3191 648 3256 Maximiani
671 3190 834 3276 priuigno,
864 3191 1092 3258 matrimonium
1122 3192 1223 3258 iniret.
1270 3191 1354 3275 quod
1384 3192 1412 3258 si
1434 3199 1499 3257 turn
1522 3193 1657 3276 Fausta,
1682 3192 1866 3258 Maximiani

261 3297 341 3381 filia,
366 3296 480 3362 nubilis
503 3297 625 3381 fuisset,
649 3298 789 3382 prolecto
812 3297 884 3382 ipsa
906 3298 1090 3365 Constantio
1113 3298 1230 3364 tradita
1252 3305 1347 3366 esset.
1393 3299 1450 3366 sed
1474 3300 1533 3364 hoc
1556 3305 1624 3364 utut
1647 3306 1705 3382 est,
1727 3299 1867 3366 absurda

260 3411 333 3470 sunt
364 3423 446 3488 quae
478 3403 510 3468 in
541 3403 652 3470 eodem
682 3404 875 3490 panegyrico
905 3405 1010 3490 paullo
1040 3412 1113 3491 post
1143 3405 1183 3471 de
1214 3425 1323 3491 pugna
1352 3406 1407 3471 illa
1434 3407 1581 3489 leguntur
1603 3405 1670 3494 (16,
1695 3405 1731 3493 3)
1754 3420 1785 3471 ot
1807 3430 1864 3494 quo

261 3513 349 3576 modo
372 3513 515 3576 inatrmae't
537 3515 631 3576 actem
661 3523 717 3577 tot
749 3535 944 3576 aneorum
972 3515 1101 3579 aemula
1120 3515 1328 3600 peqmratua?
1372 3517 1417 3578 ita
1433 3537 1577 3600 proreta,
1605 3519 1708 3602 neptem
1730 3517 1864 3597 madere,

261 3622 374 3704 aequet,
395 3630 430 3682 at
445 3619 494 3704 fit,
517 3619 579 3682 loeo
602 3629 699 3683 motae
719 3617 830 3704 referre
843 3622 975 3704 91111611
998 3623 1206 3686 etiaetoarare
1214 3623 1367 3708 proclama
1385 3635 1490 3708 posset,
1513 3645 1580 3686 eum
1603 3647 1622 3685 α
1635 3623 1741 3708 fronte
1763 3626 1864 3704 616611,

261 3749 281 3788 α
303 3737 383 3812 terpo
410 3727 512 3792 Tiberi
524 3727 654 3812 flamine
671 3737 867 3811 poenaeue.
904 3733 992 3811 patet
1008 3725 1205 3794 scribendum
1224 3747 1295 3794 esse
1321 3731 1413 3793 aetra
1435 3740 1476 3792 tot
1499 3752 1707 3794 armorum.
1746 3728 1865 3813 ingenti

259 3831 343 3897 euim
366 3833 504 3898 exercitu
522 3831 701 3899 Maxentius
725 3831 886 3897 utebatur:
909 3832 949 3896 cf.
966 3832 1132 3917 Notarius,
1157 3834 1265 3919 quide
1289 3833 1399 3901 eodem
1422 3835 1539 3919 proelio
1560 3835 1640 3902 haec
1656 3835 1751 3902 habet
1774 3839 1865 3920 28,4

257 3935 352 4025 ‘apud
377 3938 514 4006 Tiberim
539 3941 635 4024 igitur
657 3957 732 4005 suos
755 3937 901 4004 iustruxit
923 3938 969 4004 sic
991 3940 1078 4025 ripae
1101 3941 1238 4025 locatos,
1270 3950 1302 4007 ut
1332 3943 1505 4008 ultimorum
1538 3943 1675 4026 uestigia
1696 3943 1865 4027 praesagio

258 4045 394 4129 quodam
429 4052 599 4112 euenturae
630 4044 730 4111 cladis
761 4044 847 4110 unda
875 4045 981 4111 latalis
1011 4045 1154 4114 allueret:
1186 4047 1244 4114 ita
1274 4068 1366 4116 uero
1397 4049 1645 4116 multitudine
1676 4051 1865 4136 suppedi-

258 4158 379 4238 tante,
410 4160 444 4219 ut
467 4153 548 4219 ultra
571 4172 668 4236 quam
691 4151 779 4219 uisus
803 4151 856 4235 agi
879 4162 989 4238 posset
1012 4159 1140 4221 extema
1162 4155 1248 4223 acies
1271 4152 1459 4242 pertineret.¹

957 4387 1170 4400 u——u—

420 4579 461 4644 Et
483 4579 530 4648 eis
553 4579 678 4666 quidem
702 4577 886 4666 oratoribus,
911 4581 1025 4666 quibus
1048 4584 1256 4652 emendandis
1280 4585 1340 4652 huc
1363 4605 1463 4670 usque
1486 4605 1613 4672 operam
1637 4586 1791 4671 dedimus,
1816 4605 1865 4652 so-

259 4685 327 4753 cius
356 4691 431 4752 aute
461 4685 519 4750 hos
550 4687 778 4772 quinquaginta
810 4686 872 4756 duo
903 4709 1003 4756 anuos
1035 4691 1172 4758 accessit
1199 4691 1237 4771 Q.
1260 4691 1449 4758 Aurelius
1479 4693 1743 4779 Symmachus,
1775 4694 1864 4762 cuius

257 4791 430 4859 orationum
453 4791 623 4878 particulas
647 4815 686 4860 ex
709 4796 818 4865 codiee
841 4796 994 4882 rescripto
1016 4798 1223 4866 ambrosiano
1246 4796 1421 4883 Angelus
1444 4799 1570 4868 Maius
1601 4800 1710 4867 edidit.
1747 4801 1865 4868 inillis

256 4898 352 4984 igitur
373 4901 565 4969 orationibus
588 4919 781 4987 quamquam
804 4905 939 4992 stipsis
962 4905 1073 4974 solitae
1097 4904 1286 4972 adulationis
1310 4906 1415 4991 gratia
1438 4907 1623 4995 conscriptis
1646 4908 1866 4995 1611618111-
