4350 5326
1167 295 1220 380 18

388 511 697 576 camarendabi'bbran
726 515 843 576 marna
869 525 922 576 tua
940 515 1040 597 jaciet
1068 519 1282 578 amentiam
1318 517 1390 576 eina.
1442 513 1643 580 conterantur
1671 516 1700 580 ai
1728 515 1997 598 tantisatque

387 617 492 700 paullo
515 627 589 684 aute
613 617 758 701 leguntur
780 621 826 704 (t,
840 619 877 706 4)
897 617 961 684 ‘illa
983 619 1080 703 igitur
1096 622 1153 702 uis,
1177 621 1230 684 illa
1247 619 1407 702 maiestas,
1430 619 1518 685 laudi
1534 642 1572 686 ac
1596 621 1723 687 nefandi
1738 621 1993 706 discriminatrix,

386 745 469 808 quae
492 725 597 790 amnia
619 725 797 790 meritorum
827 736 985 792 momenta
1012 727 1180 813 perpendit
1207 727 1298 792 librat
1324 727 1498 810 examinat,
1529 728 1584 793 illa
1611 729 1760 813 pietatem
1790 739 1877 794 trram
1904 730 1993 814 terit,

386 830 439 896 illa
463 833 614 898 nefariam
637 833 720 898 illias
743 833 869 917 tyranni
893 834 987 916 fregit
1010 839 1195 899 animiam.
1211 833 1230 899 .'

548 939 593 1004 lb.
618 943 709 1022 aaa
732 938 772 1004 de
789 939 996 1005 Constantino
1018 939 1139 1004 sortiter
1161 941 1192 1005 in
1216 960 1325 1026 pagan
1338 961 1404 1005 rem
1428 949 1558 1024 gerente
1582 941 1661 1008 baec
1684 953 1758 1008 sunt
1780 944 1878 1008 uerba
1900 949 1992 1008 rhua·

386 1049 435 1112 alra
450 1053 573 1134 prinum
595 1051 698 1128 ariera,
719 1049 800 1110 solae
814 1049 967 1133 ieiunarit,
989 1049 1164 1112 abaarbraat
1179 1059 1292 1112 euntem
1307 1049 1431 1112 talorum
1447 1053 1529 1112 rinr‘ti
1548 1054 1650 1130 marra,
1671 1063 1756 1114 mar
1779 1051 1884 1114 ritr'dus
1905 1052 1994 1116 uredo

385 1177 514 1238 securae,
544 1156 607 1220 laia
636 1177 731 1242 quoa
761 1177 828 1217 arat
851 1155 975 1219 trabalis
996 1157 1080 1218 basta
1103 1157 1201 1235 der'cr't,
1225 1157 1369 1219 insellatis
1378 1157 1468 1240 serua
1477 1161 1615 1241 pmlerr't.
1649 1157 1792 1222 codicum
1816 1177 1878 1221 nou
1901 1178 1995 1223 accu-

385 1269 485 1328 ratam
511 1261 662 1330 babemus
685 1261 828 1326 notitiam
862 1260 921 1327 sed
956 1260 1079 1327 uidetur
1099 1263 1146 1326 trra
1167 1285 1240 1347 qaae
1262 1285 1329 1325 mm
1351 1261 1384 1326 in
1409 1262 1455 1327 eis
1479 1263 1601 1344 inesse,
1640 1263 1699 1328 nisi
1730 1262 1813 1346 quod
1842 1275 1917 1329 sunt
1939 1266 1994 1348 qui

384 1369 529 1436 omittant
552 1393 630 1434 cam.
676 1377 707 1434 et
730 1365 892 1434 Acidaliae
915 1367 1041 1451 quidem
1070 1367 1163 1434 eiecit
1192 1369 1289 1434 uerba
1315 1371 1362 1434 lai
1389 1379 1420 1434 et
1443 1394 1526 1450 cunr,
1554 1369 1630 1434 mibi
1653 1369 1720 1434 salo
1741 1371 1787 1434 lai
1818 1372 1992 1438 carendum

384 1497 456 1546 esse
480 1475 618 1543 uidetur:
642 1475 674 1540 iu
689 1499 762 1561 quoa
783 1499 852 1540 eum
874 1476 957 1542 enim
973 1475 1049 1541 latet
1065 1498 1262 1561 putemurque
1286 1485 1318 1541 ut
1341 1476 1539 1542 scribendum
1556 1477 1656 1543 sit-
1673 1477 1777 1562 priora
1799 1478 1883 1544 enim
1906 1479 1991 1544 beno

383 1583 615 1650 administrauit
643 1581 727 1648 idern
755 1582 915 1648 Acidaliae
938 1621 983 1632 -
1008 1596 1093 1648 tanat
1129 1584 1234 1648 iarbae
1268 1585 1355 1648 undo
1389 1607 1528 1649 aecum:
1562 1607 1827 1670 quoecumque
1864 1587 1994 1650 rimata

382 1695 467 1758 laea
490 1695 589 1773 aare,
605 1695 749 1756 r'ucaltam
761 1691 852 1776 serua
868 1695 1005 1776 prement.
1052 1709 1146 1754 anam
1170 1689 1227 1754 hoc
1251 1689 1367 1755 addam
1396 1693 1516 1756 terum
1550 1689 1737 1774 saepissime
1770 1712 1828 1775 pro
1861 1693 1993 1758 bestia

383 1799 501 1866 dictum
525 1799 576 1865 bio
598 1798 778 1882 siguificare
806 1816 943 1881 equum
972 1817 1034 1862 nou
1057 1815 1119 1880 qao
1141 1803 1247 1880 putem
1271 1795 1428 1864 bominem
1451 1798 1502 1863 trel
1524 1795 1722 1862 mediocriter
1743 1798 1920 1864 institutum
1944 1809 1990 1866 ta·

380 1907 607 1990 baianorum,
637 1905 695 1972 sed
719 1927 758 1970 aa
781 1905 881 1988 illum,
911 1905 999 1970 cuius
1028 1913 1123 1969 antea
1145 1904 1334 1969 mentionem
1357 1904 1451 1970 inieci
1473 1920 1517 1988 (p.
1534 1903 1579 1989 3),
1603 1902 1704 1986 ignoti
1727 1905 1871 1969 uocabuli
1894 1905 1992 1971 mira·

381 2015 425 2080 tio
449 2015 570 2081 subeat.
610 2033 680 2080 oum
703 2013 787 2080 euim
809 2012 841 2076 in
865 2013 936 2077 uitis
960 2011 1088 2093 triginta
1103 2021 1304 2096 tyrannorum
1321 2012 1392 2098 (lt)
1415 2011 1576 2076 leuissima
1600 2009 1769 2074 mutatione
1791 2011 1991 2095 scripsissem

382 2127 594 2188 utluleaeeatem
622 2147 688 2186 eura
711 2123 842 2185 ltaltma
867 2120 1015 2204 prometto
1048 2121 1195 2182 necdum
1229 2121 1356 2198 (cladum
1386 2119 1523 2200 codices)
1559 2121 1718 2198 interemit,
1752 2117 1811 2183 isle
1840 2119 1988 2204 (annues

381 2229 590 2295 scholasticae
615 2229 800 2294 austriacas
819 2233 902 2294 teob·
926 2246 957 2310 p.
977 2225 1055 2311 743)
1078 2227 1118 2289 E.
1142 2226 1242 2308 iuquit
1265 2227 1399 2308 conjiciet
1428 2225 1582 2306 nudum,
1619 2227 1734 2288 aelata
1756 2227 1826 2289 mer
1848 2227 1990 2312 abensbtle

381 2339 460 2401 arelat
484 2337 559 2400 uolat
581 2337 689 2400 allam
713 2336 830 2398 recutita
851 2335 950 2398 karra.-
973 2331 1141 2414 ignorabat
1164 2332 1284 2398 seilicet
1304 2333 1490 2417 saepissime
1514 2331 1651 2396 nudum
1675 2352 1730 2415 pro
1753 2331 1889 2397 inermi
1914 2333 1987 2398 dici.

380 2445 438 2512 sed
468 2445 662 2530 praeclarum
686 2439 840 2524 estquod
864 2441 933 2524 ipse
961 2438 1095 2502 corrieclt
1124 2441 1361 2504 zcalrmclreinliclr
1389 2441 1499 2505 retiati
1527 2440 1686 2503 Trebellius
1708 2439 1809 2502 Pallio
1838 2443 1988 2522 durius,

380 2551 464 2636 quod
487 2571 581 2636 qaam
603 2548 773 2616 absurdam
795 2548 836 2614 sit
860 2568 920 2611 nou
944 2565 1112 2630 exponam:
1134 2557 1207 2611 sant
1230 2547 1312 2612 euim
1336 2567 1418 2630 quae
1440 2567 1480 2613 ne
1502 2547 1630 2612 resutari
1653 2544 1778 2626 quidem
1801 2555 1987 2612 mereantur.

541 2658 636 2724 Nulla
658 2655 699 2721 ad
724 2676 780 2721 uos
803 2653 946 2740 peruenit
970 2652 1158 2718 adatendi
1181 2653 1269 2719 uerbi
1292 2653 1454 2720 memoria:
1477 2652 1561 2736 quod
1584 2653 1666 2717 eninr
1690 2657 1786 2716 autea
1808 2670 1849 2715 ex
1865 2651 1984 2718 Catone

379 2767 420 2833 de
444 2787 477 2832 re
501 2766 619 2832 rustica
643 2770 693 2847 lb,
718 2769 740 2832 4
762 2761 949 2844 laudabant,
983 2760 1074 2824 bodie
1104 2761 1219 2826 rectius
1246 2761 1391 2828 scribitur
1422 2763 1529 2825 abana
1563 2764 1628 2824 err'r.
1658 2777 1761 2840 neque
1790 2757 1872 2822 euim
1901 2768 1983 2825 recte

381 2874 586 2940 Foreellinius
610 2871 745 2954 explieat
768 2873 810 2933 aa
833 2871 935 2952 alr'para
957 2891 989 2930 re
1011 2871 1058 2930 ati
1078 2881 1111 2930 at
1132 2881 1192 2933 tata
1220 2883 1427 2933 concrematur.-
1461 2868 1544 2951 qaod
1575 2868 1600 2932 si
1630 2886 1663 2930 ro
1691 2884 1768 2930 uera
1796 2865 1980 2932 uocabulum

379 2989 463 3064 erat,
493 2977 694 3063 significabat
712 2987 868 3062 praeterea
895 2976 950 3038 ati.
996 2973 1102 3056 itaque
1131 2975 1162 3039 in
1193 2974 1305 3040 eadem
1328 2975 1468 3040 oratione
1492 2971 1560 3058 (30,
1583 2972 1619 3059 3)
1647 2971 1727 3037 baec
1749 2971 1897 3054 leguntur
1919 2997 1937 3038 a
1958 2975 1983 3036 ei

379 3113 460 3154 auae
488 3091 565 3153 aerlei
588 3087 724 3172 samba
753 3087 877 3148 claretur
906 3085 1048 3144 eei-moerin
1077 3105 1135 3166 pro
1163 3105 1263 3145 raum
1293 3084 1436 3165 elipadate
1461 3082 1645 3167 fiparaadi!
1689 3079 1859 3144 adhiberem
1887 3101 1978 3144 auara

371 3199 513 3286 flosculos
536 3209 560 3261 at
584 3195 770 3258 abuterer
792 3191 935 3274 aaqrtieito
956 3190 1088 3273 quodam
1110 3191 1207 3274 lepore
1229 3213 1265 3255 ac
1287 3201 1437 3254 uenustate
1452 3191 1581 3254 dicendi.
1621 3186 1693 3251 ferri
1710 3193 1819 3270 posset
1842 3187 1977 3266 marea,

379 3305 437 3370 sed
461 3303 556 3368 multo
579 3300 690 3366 melios
713 3317 785 3364 esse
817 3298 1002 3360 adaterae
1031 3314 1101 3358 aaut
1125 3295 1189 3362 alia
1211 3295 1345 3360 suadent
1368 3305 1432 3359 tam
1449 3314 1531 3377 quae
1554 3299 1704 3358 secuntur
1726 3291 1805 3358 haee
1829 3297 1888 3358 iarn
1909 3307 1976 3358 atre·

373 3415 459 3498 petua
481 3411 591 3474 Martii
611 3411 674 3470 iam
695 3405 835 3469 tubarum
856 3425 974 3468 sonares
992 3403 1114 3488 seatr'ur'e
1136 3403 1259 3466 aoa'tm
1281 3415 1306 3464 at
1329 3403 1485 3466 resultanti
1496 3401 1610 3487 jactare
1631 3411 1795 3464 imitantur.
1841 3401 1973 3466 aemam

378 3523 412 3584 ia
434 3518 537 3586 urbam
558 3519 705 3600 inpressae
734 3523 773 3575 eat
794 3512 996 3594 imperatoria,
1025 3522 1051 3572 et
1077 3513 1109 3572 ia
1138 3512 1331 3595 aeprieaeudo
1358 3522 1476 3572 aeneam
1499 3509 1665 3594 populique
1692 3508 1826 3572 Raataai
1849 3508 1973 3570 manirera

377 3627 491 3714 paedia
514 3627 644 3708 inpacta,
666 3622 727 3684 azbi
747 3630 773 3682 et
795 3619 862 3702 e'paa
884 3617 1021 3680 lasciuia
1043 3619 1148 3680 aratio.

541 3729 574 3793 ln
599 3723 796 3792 Constantini
819 3722 974 3808 triumpho
997 3726 1065 3809 (31,
1091 3724 1126 3810 3)
1149 3723 1177 3788 si
1199 3722 1337 3790 Nazario
1361 3724 1526 3804 oredimus,
1551 3725 1625 3787 duci
1644 3743 1715 3786 eane
1737 3722 1874 3786 menthae
1895 3722 1978 3784 alile-

377 3843 486 3906 bcmtur
507 3835 627 3900 subactu
649 3835 794 3897 uitiorum
816 3835 954 3916 aparine,
983 3855 1059 3917 quae
1089 3831 1192 3895 urbem
1220 3835 1354 3917 prouder
1376 3832 1562 3896 alamanne:
1596 3831 1688 3893 scelus
1710 3831 1872 3910 domatum,
1902 3831 1981 3893 aicta

372 3947 514 4034 persidia,
538 3941 679 4027 diffidam
700 3939 757 4004 aba·
771 3940 903 4004 audacia
925 3951 951 4004 at
973 3941 1183 4024 importunitas
1205 3951 1354 4004 catenata:
1369 3939 1465 4024 sarar
1487 3941 1604 4001 uitiatur
1626 3949 1652 4000 at
1675 3948 1795 4001 amaea
1818 3938 1978 4001 crudelitas

377 4056 494 4119 taoni
524 4063 634 4116 temore
652 4047 850 4131 flectebant,
880 4045 937 4110 sed
961 4045 1160 4110 scribendum
1183 4052 1233 4110 est
1254 4049 1426 4126 inurant,
1454 4063 1556 4127 neque
1580 4043 1662 4109 enim
1686 4062 1787 4108 uanas
1811 4041 1858 4108 eis
1882 4050 1981 4108 terror

377 4165 454 4242 erat,
478 4156 535 4224 sed
559 4171 694 4237 maguus
717 4159 750 4218 et
771 4172 865 4218 uerus
888 4161 999 4237 metus,
1025 4171 1064 4218 ne
1089 4151 1294 4219 Constantino
1318 4151 1491 4237 imperante
1515 4151 1555 4216 de
1578 4170 1614 4216 se
1638 4157 1740 4216 aotam
1765 4155 1861 4216 esset

539 4263 582 4328 lb.
610 4263 651 4328 32
659 4309 669 4342 ,
692 4263 712 4326 3
741 4265 836 4344 caput
859 4258 1008 4326 Maxentii
1037 4259 1118 4324 iuter
1139 4259 1358 4344 triumphalem
1387 4258 1540 4324 laetitiam
1576 4261 1730 4343 portatum
1765 4255 1806 4321 ab
1836 4255 1980 4321 omuibus

376 4370 580 4450 irridebatur,
606 4387 677 4433 nam
692 4367 847 4453 fraudari
866 4370 1138 4452 eadulpeatieeiauca
1157 4372 1298 4454 pariiaepa
1320 4389 1356 4432 aa
1376 4370 1477 4452 pratia
1498 4369 1645 4430 aenariam
1666 4365 1777 4446 uoluit,
1799 4386 1857 4450 qua
1880 4367 1981 4429 atinae

376 4481 478 4544 onrar'a
500 4497 575 4562 quat
597 4473 656 4562 (ita
677 4480 764 4541 reate
788 4473 895 4540 neseio
918 4474 988 4556 qais
1011 4473 1163 4540 Rbeuano
1189 4471 1354 4540 laudatus:
1385 4473 1455 4538 libri
1484 4496 1542 4560 qiua
1570 4472 1687 4538 habeut
1714 4470 1777 4535 uisi
1805 4471 1888 4554 quod
1919 4493 1981 4556 pua

375 4593 425 4652 est
447 4585 481 4650 in
503 4581 617 4665 Langii
641 4581 783 4665 schedis)
805 4585 911 4647 arleium
933 4584 995 4646 eiua
1011 4595 1197 4668 peremerat,
1218 4581 1417 4667 spectaculum
1432 4583 1584 4664 epi-mma·
1594 4581 1717 4664 sanae
1740 4581 1882 4664 capitaet.
1912 4577 1980 4642 ubi-

375 4715 431 4780 que
452 4697 517 4758 iam
546 4691 694 4777 quidem
724 4691 867 4754 laetitiam
888 4699 983 4774 pastae
1004 4691 1051 4752 eei
1068 4689 1232 4774 depiuderat
1247 4687 1345 4752 Fama
1367 4689 1454 4751 uelox
1477 4698 1503 4750 et
1525 4688 1567 4750 ad
1590 4688 1764 4752 canentem
1785 4687 1886 4750 nuntii
1902 4705 1979 4770 pea-

373 4812 447 4864 aata
477 4800 622 4876 Vittota'a3
643 4797 849 4884 insequebatur
870 4807 968 4860 tamea
990 4797 1124 4862 ulteriore
1146 4817 1213 4862 cum
1235 4797 1348 4882 paedia
1375 4797 1470 4879 pieria
1501 4797 1549 4856 eei
1570 4793 1696 4879 sinam
1722 4841 1731 4859 .
1758 4840 1766 4856 .
1801 4792 1833 4857 in
1868 4799 1978 4877 aperto

375 4907 456 4974 duco
478 4903 678 4974 scribendum
701 4923 774 4972 esse
796 4907 861 4970 eam
886 4906 1056 4990 pridem.

535 5013 580 5080 lb.
606 5017 647 5082 37
672 5033 747 5100 patae
769 5023 862 5092 mum,
881 5011 1068 5076 lbaaaata'ae
1083 5013 1223 5092 mamma,
1244 5013 1314 5075 ande
1334 5023 1434 5095 pactus
1455 5011 1618 5076 mandarat
1639 5010 1800 5093 protelatio
1824 5010 1875 5072 eui
1894 5017 1976 5070 tauto
