4350 5326
941 283 1100 407 -ιν-

211 509 317 570 terent
339 521 474 586 eamque
498 499 719 585 Augustuduni
741 519 957 567 remansurum
979 502 1077 568 fuisse
1101 501 1275 568 crederent.
1322 501 1380 570 sed
1404 501 1484 570 haec
1514 503 1567 569 alii
1590 511 1676 570 recte
1700 503 1825 570 refelle·

211 617 293 674 runt.
339 608 502 675 Acidaliae
526 628 583 693 pro
607 613 696 694 qaoo'
715 607 843 692 scripsit
858 613 967 694 pictus,
990 609 1160 675 Rhenanus
1189 610 1271 693 qaod
1294 611 1348 676 aix
1370 610 1562 694 intellegitur
1584 615 1738 698 camillus,
1761 613 1824 678 Pa·

215 723 325 782 teanus
348 716 481 801 primum
506 715 633 798 quidem
656 727 709 780 out
732 720 798 801 puz's
821 719 908 798 clius,
932 715 1047 782 deinde
1071 735 1145 782 uero
1168 722 1257 803 quusi
1277 721 1331 784 illu
1352 723 1447 799 socio,
1470 720 1571 804 ipsam
1596 719 1757 784 ciuitatem
1780 720 1824 784 in-

215 823 375 908 tellegens,
400 822 590 888 Arntzeaius
614 823 750 888 omnium
773 823 968 906 ineptissime
993 836 1018 888 et
1038 849 1098 910 ραα
1120 829 1158 889 sr't
1179 827 1234 889 die
1255 829 1344 890 socia.
1363 865 1406 874 -
1422 846 1482 910 ego
1506 827 1534 891 si
1556 827 1649 891 modo
1665 827 1724 890 hoc
1748 826 1824 891 adu·

212 921 300 996 landi
322 951 423 1014 genas
446 940 531 996 recte
555 930 723 1014 perspicio,
748 931 931 1015 simpliciter
953 931 1151 996 scribendam
1176 933 1285 1016 opinor
1308 945 1333 997 ct
1356 939 1444 1020 ptiust
1464 938 1478 998 i
1480 957 1546 1019 poc
1574 938 1735 1000 rimabamur
1756 946 1824 998 tuce

212 1062 307 1104 conces
331 1051 357 1104 et
379 1042 486 1119 somus,
509 1037 665 1103 sententia
687 1037 822 1103 obscura
844 1037 968 1120 quidem
993 1038 1051 1104 sed
1074 1059 1168 1120 quam
1191 1040 1222 1103 in
1239 1040 1391 1105 Eumenia
1414 1039 1467 1104 uix
1485 1040 1613 1123 mireris,
1638 1041 1822 1125 praesertim

211 1144 239 1210 ei
263 1143 448 1210 adtendens
471 1143 512 1211 ad
535 1165 589 1226 ea,
615 1163 696 1226 quae
721 1145 860 1229 proxime
883 1153 1031 1210 secuntur
1058 1151 1191 1210 onerarium
1213 1150 1254 1210 sis
1275 1149 1340 1212 iicet
1363 1151 1502 1212 docrinas
1524 1150 1659 1230 urbium,
1689 1153 1823 1214 ocrearum

210 1255 385 1333 ammaum,
414 1274 467 1316 croc
487 1263 586 1315 lernau
610 1255 698 1316 diurn
719 1275 825 1318 abarien
848 1257 1014 1338 accepimus
1042 1265 1128 1317 tunae
1149 1258 1227 1336 iatri,
1259 1279 1320 1318 aori
1343 1259 1511 1341 antiquarii:
1535 1257 1678 1320 Bibracte
1701 1261 1822 1342 quidem

211 1361 382 1445 bucusque
403 1361 484 1424 diae
507 1371 547 1422 eet
569 1359 659 1440 Iulio,
682 1361 772 1442 Pola,
795 1361 963 1443 Florattiq
986 1363 1037 1424 sed
1060 1362 1173 1426 Flauia
1196 1374 1234 1426 est
1257 1366 1363 1426 ciuitas
1383 1365 1571 1426 Aeduorum.
1610 1364 1717 1447 itaque
1741 1363 1821 1429 Con-

214 1467 369 1532 stantinus
391 1465 460 1552 ipse
485 1475 535 1532 est
558 1466 648 1550 quasi
672 1486 776 1533 comes
800 1468 1085 1552 maiestatemne,
1111 1469 1192 1535 hanc
1215 1479 1319 1534 autem
1343 1479 1474 1554 accepto
1495 1471 1599 1536 Flauii
1624 1471 1819 1538 Constantini

212 1575 346 1659 nomine,
370 1575 710 1658 Augustodunensibas
734 1576 824 1658 quasi
849 1595 963 1640 aenaea
986 1575 1111 1657 aliquod
1135 1597 1350 1642 remansuram
1372 1597 1444 1642 esse
1466 1578 1627 1660 gloriatur.
1722 1611 1724 1616 ·

369 1682 567 1748 Nazarias
595 1702 713 1767 paneg.
760 1681 966 1748 Constantino
988 1684 1071 1765 Aug.
1096 1682 1127 1748 d
1152 1689 1182 1765 3,
1207 1687 1228 1750 4
1252 1685 1331 1748 baec
1356 1683 1451 1750 babet
1472 1686 1721 1750 ucblmsc'morum
1745 1711 1819 1774 quc-

211 1811 268 1874 que
292 1790 455 1855 Caesarum
476 1791 580 1854 laudes
603 1793 708 1876 ecequi
735 1792 809 1854 uelle
830 1791 964 1854 audebat
986 1771 1108 1876 qaudcm
1139 1793 1224 1854 dulce
1250 1793 1302 1855 scd
1331 1815 1407 1855 αοα
1437 1804 1463 1856 et
1491 1817 1564 1856 cura
1591 1795 1748 1858 recediocris
1771 1807 1818 1878 cot,

214 1917 344 1980 ςαονααα
364 1899 398 1962 iu
420 1899 507 1960 cauis
522 1897 746 1982 pubescentibus
775 1921 835 1960 riou
860 1909 1018 1982 erupturae
1039 1902 1159 1962 uirtutis
1180 1911 1295 1962 taureas
1315 1922 1449 1983 perirent,
1475 1923 1535 1964 αοα
1554 1903 1616 1985 chs
1637 1925 1819 1986 praecursor

212 2005 324 2068 indolui
345 2005 438 2069 bonae
461 2005 564 2069 baetim
586 2027 676 2088 quum
698 2005 817 2069 abdier
840 2015 979 2090 apparet,
1002 2005 1053 2068 scd
1076 2009 1139 2068 iam
1153 2006 1242 2090 siritu
1270 2007 1517 2090 pruredijeru
1547 2019 1571 2071 ct
1599 2019 1701 2070 contro
1722 2013 1817 2072 ratio·

211 2135 281 2176 acm
302 2115 405 2176 mutu
434 2114 772 2198 rriuuirnoruucque
792 2111 954 2196 fructuum
975 2123 1095 2176 namura
1112 2116 1274 2197 perceptio.
1327 2113 1457 2195 egregie
1481 2111 1642 2178 Acidaliae
1665 2114 1817 2180 intellexit

208 2217 410 2284 scribendum
434 2235 505 2281 esse
528 2217 616 2300 sbuc
646 2218 884 2303 praecisura.-
915 2217 956 2283 de
979 2219 1095 2303 optimo
1119 2218 1252 2283 Acidalii
1284 2219 1412 2284 inuento
1441 2227 1525 2285 tacet
1547 2221 1735 2287 Arntzenius
1759 2220 1816 2287 sed

205 2323 401 2406 excogitauit
421 2322 605 2408 plaudcseru,
629 2323 712 2408 qaod
736 2325 878 2408 quamuis
902 2325 1041 2409 ineptam
1066 2345 1105 2390 ne
1129 2324 1302 2392 inuenisset
1325 2326 1450 2409 quidem
1475 2328 1535 2392 nisi
1558 2327 1701 2394 Acidalio
1725 2349 1816 2413 prae-

206 2437 312 2497 eunte.
360 2437 467 2496 tamen
490 2429 549 2495 boc
571 2429 743 2513 in'genere
767 2432 862 2496 multo
885 2431 1057 2514 simplicius
1081 2439 1130 2496 est
1152 2451 1233 2515 quae
1257 2431 1309 2496 alii
1333 2435 1592 2516 excogitauerant
1615 2436 1675 2498 sibi
1697 2435 1815 2500 adscri-

204 2538 291 2602 bere.
337 2544 410 2602 nam
435 2536 596 2602 Liuineius
627 2539 787 2622 proposuit
819 2557 875 2622 pre
905 2542 1247 2624 praelectoremque
1281 2539 1479 2605 scribendum
1512 2561 1584 2606 esse
1612 2547 1815 2608 armatorum

209 2666 362 2730 quoquc
395 2641 546 2727 additque
576 2643 718 2710 similiter
739 2645 770 2710 ia
795 2645 861 2710 uita
884 2645 1094 2710 Gallienorum
1119 2643 1201 2731 (can.
1226 2644 1263 2732 4)
1293 2646 1508 2730 reponendam
1537 2668 1608 2714 esse
1641 2651 1815 2715 exercitibus

207 2773 360 2838 quoquc
382 2752 640 2816 mmeuticaibua:
664 2751 770 2834 itaque
791 2751 1031 2818 Hermannas
1047 2751 1207 2817 Poteras
1231 2751 1394 2817 adnotaait
1408 2752 1548 2837 “qaoque
1563 2751 1689 2840 scripsi
1706 2756 1813 2841 paullo

207 2857 294 2942 abad
318 2877 411 2940 qaam
434 2858 466 2922 in
490 2857 616 2922 lordani
639 2857 779 2942 meisque
796 2857 1067 2924 emendationibus
1084 2859 1364 2923 commemorandis
1380 2869 1507 2926 secutus
1525 2861 1697 2926 consiliam.
1737 2864 1812 2928 mibi

204 2971 311 3030 tamen
335 2969 441 3028 nostm
463 2963 531 3028 loco
555 2963 716 3030 Liuineius
740 2983 863 3030 errasse
886 2964 1022 3030 uidetur:
1053 2965 1303 3030 molestissimum
1327 2966 1411 3030 enim
1434 2974 1483 3033 est
1505 2968 1580 3033 illud
1604 2993 1719 3055 quoquae
1740 2979 1813 3054 post

205 3071 288 3136 hanc
317 3069 494 3136 sententiae
522 3070 708 3155 particulam
738 3084 763 3136 et
791 3085 893 3136 contra
921 3076 1065 3136 rationes
1094 3076 1196 3136 octub
1223 3072 1398 3155 repetitam.
1445 3082 1478 3139 et
1501 3074 1662 3141 Acidaliae
1686 3076 1811 3159 quidem

206 3199 275 3244 cam
297 3177 383 3244 idem
405 3177 545 3262 sentiret,
570 3177 708 3244 delenda
729 3180 880 3244 censebat
902 3180 1000 3244 uerba
1015 3191 1117 3244 caruca
1138 3182 1283 3242 cuiquem
1306 3184 1417 3260 cumb,
1441 3180 1554 3261 quibus
1577 3181 1630 3246 uix
1646 3183 1810 3266 quisquam

207 3284 239 3350 in
261 3285 321 3351 hac
343 3283 567 3352 sententiarum
598 3285 815 3352 connectione
847 3287 994 3352 caruerit:
1028 3286 1133 3368 itaque
1157 3285 1261 3370 potius
1285 3285 1409 3351 uidetur
1431 3286 1538 3352 delere
1560 3287 1638 3352 illud
1660 3312 1742 3374 quc.
1766 3329 1811 3338 -

203 3399 304 3458 restat
326 3398 360 3458 at
381 3391 422 3458 de
445 3391 551 3458 uerbis
573 3395 625 3458 scd
646 3417 707 3458 uon
730 3405 756 3458 ct
778 3417 852 3458 cura
873 3396 1031 3458 meduaci
1052 3405 1092 3458 est
1112 3391 1227 3458 dicam:
1252 3391 1458 3459 confidentius
1484 3403 1517 3458 ut
1538 3393 1622 3478 apud
1638 3395 1810 3462 Nazarium

203 3505 341 3566 statuere
368 3519 430 3566 non
458 3499 560 3565 ausim
588 3497 646 3565 sed
675 3499 799 3565 uidetur
826 3508 980 3586 compost
1003 3523 1076 3564 carc
1105 3499 1371 3584 aansponendum
1395 3519 1481 3566 esse:
1509 3504 1560 3566 ced
1589 3513 1615 3566 ct
1645 3525 1719 3566 curu
1748 3527 1810 3568 ucu

202 3609 361 3672 mediocris
383 3619 432 3672 est.

363 3713 541 3781 Maxentius
557 3734 627 3779 curn
644 3715 762 3780 Romae
779 3714 975 3780 Constantini
992 3719 1113 3779 statuas
1128 3714 1298 3780 deiecisset
1320 3721 1352 3779 et
1374 3712 1530 3798 imagines
1547 3715 1728 3800 obleuissct,
1746 3717 1808 3782 Eu-

198 3820 323 3886 menius
350 3840 467 3886 aanam
494 3820 567 3887 ideo
597 3821 729 3886 hominis
758 3822 892 3885 furorem
922 3819 1019 3886 fuisse
1049 3819 1208 3885 contendit
1236 3820 1319 3904 qaod
1343 3819 1539 3886 Constantini
1568 3821 1674 3905 imago
1701 3824 1747 3889 ita
1775 3825 1808 3888 in

200 3927 336 3992 omniurn
360 3928 518 3994 mentibus
541 3927 637 3994 infixa
660 3930 701 3995 sit
725 3935 758 3994 ut
780 3927 866 3992 nulla
888 3933 955 3991 arte
979 3925 1052 3991 inde
1075 3927 1168 3992 euelli
1191 3927 1281 4010 quasi
1305 3927 1450 4011 potnerit.
1510 3936 1573 3994 tum
1596 3931 1702 4014 pergit
1725 3931 1807 3996 bane

201 4031 381 4100 lamudam
404 4033 471 4123 (12,
495 4035 532 4122 4)
563 4042 773 4102 encaemorum
795 4035 965 4122 pectoribus
994 4034 1104 4118 apicus
1135 4047 1173 4099 cst
1203 4057 1256 4098 acc
1286 4037 1538 4100 corrcaceudcaioae
1568 4060 1650 4102 caue
1678 4051 1729 4102 out
1752 4044 1806 4124 pi·

203 4155 385 4225 paenorum
398 4143 485 4228 Jiccc‘s
505 4149 609 4210 renutet
629 4146 682 4208 sed
705 4146 851 4209 desiderio
875 4142 1026 4227 qflmmcit
1049 4146 1226 4206 catumeum.
1266 4165 1330 4204 uuo
1352 4145 1472 4207 dearum
1488 4144 1676 4210 caucasus·
1696 4147 1806 4212 obliuio

202 4259 257 4313 cst
282 4251 410 4315 lunum
429 4255 545 4338 peneus
566 4273 696 4316 occasus.
743 4249 900 4316 sententia
929 4254 1038 4333 aperta
1067 4253 1130 4313 est:
1169 4255 1273 4313 aotam
1296 4255 1383 4314 esset
1405 4249 1444 4314 de
1469 4249 1645 4316 hominibus
1673 4253 1701 4317 si
1724 4253 1806 4319 Con-

197 4356 327 4422 stantini
350 4357 493 4424 obliuisci
517 4365 662 4443 possent,
695 4358 801 4441 itaque
824 4355 920 4422 malto
944 4355 1047 4449 aptius
1071 4354 1184 4420 nedum
1208 4355 1421 4420 necessariam
1445 4357 1504 4420 erit
1526 4376 1582 4438 pro
1606 4371 1645 4422 cst
1667 4359 1805 4427 scribere

196 4478 305 4530 essct.
351 4465 456 4532 omnia
486 4464 569 4532 enim
598 4485 680 4549 qaae
712 4464 901 4531 antecedant
929 4483 971 4530 ea
992 4461 1023 4526 in
1046 4480 1080 4526 rc
1103 4467 1283 4543 uersentur,
1305 4467 1339 4525 ut
1362 4460 1559 4528 Constantini
1583 4465 1727 4532 obliuisci
1751 4468 1803 4534 ho-

194 4572 296 4638 mines
319 4573 414 4657 plane
437 4593 500 4638 non
525 4593 620 4658 posse
643 4574 801 4658 probetur.
848 4570 905 4638 sed
928 4588 1009 4653 qnae
1033 4575 1179 4634 secuntur
1200 4567 1282 4652 turpi
1308 4567 1382 4633 uitio
1404 4569 1558 4636 laborant.
1602 4581 1676 4638 sant
1698 4585 1804 4642 autem

195 4677 276 4744 haec
299 4702 381 4744 neure
407 4701 479 4744 uero
502 4681 812 4747 commendabiliorem
838 4681 954 4745 c'uiuru'c
984 4689 1036 4742 tua
1055 4675 1151 4761 saciet
1174 4678 1360 4760 patienti
1366 4701 1424 4740 auc
1455 4681 1533 4742 eiua:
1562 4682 1686 4745 auidius
1716 4706 1803 4770 cepe-

192 4799 252 4850 teut
274 4807 362 4873 quem
377 4790 502 4874 pictura
523 4811 585 4852 unu
606 4792 723 4854 reddet:
737 4790 942 4876 stupraruicru
962 4795 1030 4848 cunr
1053 4786 1222 4846 aniamrunc
1244 4785 1402 4864 desideria,
1426 4807 1493 4847 cura
1515 4788 1669 4851 oculorum
1691 4793 1805 4856 solacia

191 4896 399 4980 perdideruat.
429 4895 528 4978 quid?
552 4895 665 4962 hacine
688 4902 757 4962 erat
771 4893 948 4960 Maxentius
966 4893 1122 4978 patientia,
1144 4895 1179 4953 at
1195 4887 1433 4955 Constantinam
1456 4910 1497 4955 ea
1519 4890 1632 4956 iniuria
1652 4893 1802 4983 alliceret,

195 5019 260 5088 qua
282 4999 336 5068 aix
358 5001 509 5070 maiorem
531 5003 626 5070 allam
650 5003 831 5086 excogitare
854 4997 998 5085 poterat?
1035 4995 1067 5062 in
1090 5003 1200 5080 aperto
1223 5003 1272 5062 est
1295 4997 1509 5080 reponendam
1532 5019 1604 5066 esse
1627 5025 1709 5066 nuuc
1731 5029 1803 5070 occ-c

1623 5125 1640 5183 3
