4350 5326
965 310 1127 432 „re-

246 529 408 596 Burthium
432 527 558 594 codices
581 527 663 594 illius
687 527 821 594 bominis
844 528 1025 595 ementitum
1048 545 1119 594 esse
1143 525 1218 608 dixi,
1243 526 1392 610 putabam
1416 525 1525 590 miram
1547 523 1638 590 istius
1663 521 1743 586 hane
1765 521 1848 586 insa-

245 641 329 706 niam
352 639 494 706 omnibus
518 647 623 704 notam
647 659 719 705 esse
735 658 922 722 quemquam
939 639 1111 705 rationibus
1135 637 1166 702 in
1188 635 1389 721 apertissima
1403 634 1514 700 fraude
1537 635 1662 698 omnino
1685 653 1747 698 non
1769 650 1847 716 opus

243 757 320 816 erat.
381 771 464 816 nune
498 755 601 815 autem
640 748 762 814 Bartbii
797 750 937 834 patronis
966 751 1107 836 (Wiener
1129 749 1411 833 Lettercrmecitaep
1438 747 1515 812 XllI
1538 767 1568 830 p.
1594 743 1673 826 319)
1702 741 1848 807 iudicabo

242 860 326 927 unde
349 880 420 927 eum
445 879 520 926 suas
543 859 739 924 coniecturas
762 879 819 944 pro
835 859 976 925 codicum
993 859 1178 925 lectionibus
1201 857 1365 925 uenditare
1387 858 1509 925 solitum
1527 857 1625 922 fnisse
1648 853 1847 935 intellegant:

243 971 283 1037 of.
308 972 410 1037 Iabnii
433 969 532 1055 praef.
557 968 686 1035 Censor.
710 988 741 1053 p.
765 971 866 1036 XVll.

404 1081 449 1146 lb.
475 1085 504 1163 7,
530 1084 766 1165 acepsemas
787 1084 838 1146 tm
858 1093 899 1146 tot
920 1085 1066 1166 tactuque
1087 1081 1173 1146 rebus
1194 1083 1280 1164 putu
1301 1102 1363 1144 eoo
1386 1081 1453 1144 dico
1478 1077 1721 1144 Caledoeam
1743 1079 1847 1142 alio·

243 1213 412 1277 remique
441 1194 656 1257 Pictorum
683 1193 777 1256 sileas
804 1203 830 1256 et
846 1193 977 1278 paludes
1007 1195 1059 1256 sul
1088 1215 1142 1257 aec
1163 1191 1341 1256 Hebemc'em
1357 1193 1532 1276 promimom
1560 1210 1614 1252 uec
1639 1189 1754 1254 Tbelm
1775 1189 1847 1251 eut·

242 1325 325 1366 mum
346 1325 399 1368 occ
419 1307 499 1388 ipsae
519 1306 623 1387 siquae
643 1313 712 1366 suet
724 1302 954 1386 fortunatorum
974 1305 1089 1369 inculca
1112 1303 1294 1388 dr'pnebeter
1316 1303 1468 1386 ecqreirerc
1489 1301 1551 1380 scd,
1572 1301 1654 1384 quod
1676 1301 1775 1384 crepe
1794 1319 1846 1361 ne·

242 1417 322 1477 mrirc'
340 1415 450 1492 urae,
472 1417 569 1478 eurus
592 1415 634 1477 ad
656 1415 726 1478 deos
747 1416 908 1498 peritiorem
928 1416 1019 1479 iIIum
1040 1416 1165 1478 demum
1191 1417 1280 1498 cyneo
1307 1415 1383 1478 caeli
1403 1415 1479 1476 cert
1497 1409 1676 1494 refoventem
1688 1412 1848 1498 proepem't

243 1523 409 1606 Oceanum,
431 1535 464 1588 et
482 1521 640 1609 jactemus
662 1524 768 1588 aeeirdc
790 1523 854 1588 lece
872 1537 1017 1610 perpetrm
1038 1527 1103 1588 ium
1125 1526 1239 1588 uideret
1259 1526 1325 1589 illic
1347 1525 1427 1588 de'em
1443 1543 1541 1608 pocae
1563 1525 1747 1586 continuem.
1785 1539 1846 1584 non

243 1633 336 1700 uideo
358 1653 420 1717 quo
443 1633 536 1700 modo
560 1635 744 1700 Catcdocum
758 1635 945 1720 otiosamque
959 1637 1116 1700 Pictorum
1137 1633 1277 1718 intellegi
1299 1633 1410 1719 possit,
1435 1630 1672 1717 transponenda
1694 1630 1849 1696 uocabula

241 1750 315 1810 sunt
338 1745 524 1810 &monem
544 1745 701 1810 Pictorum
723 1745 919 1830 ceteramque.
1055 1727 1058 1732 Α

404 1854 528 1938 11).«.1],
554 1857 683 1920 l²scruel
714 1857 777 1920 acic
805 1858 937 1922 siccum
965 1861 1028 1922 eisc
1050 1858 1115 1941 fine
1144 1859 1389 1921 documento.
1435 1857 1551 1922 cladem
1579 1877 1679 1935 umor,
1710 1855 1849 1939 quamuis

242 1967 332 2029 mele
351 1977 491 2050 peracte,
524 1967 634 2050 eulpae
661 1969 797 2051 equorei.-
832 1970 1041 2052 compendium
1069 1979 1109 2032 eet
1137 1969 1392 2033 dmiccmdomm
1418 1970 1545 2032 boetiam
1573 1969 1661 2032 dacco
1688 1965 1846 2029 aestelr'ssc.

241 2074 315 2157 quid
339 2075 381 2140 sit
401 2081 464 2141 aaa
484 2077 549 2159 fine
571 2079 745 2142 documento
768 2096 861 2142 nemo
883 2077 975 2144 facile
999 2078 1093 2144 dicet
1139 2085 1172 2144 et
1194 2078 1320 2144 Patarol
1344 2078 1469 2161 quidem
1498 2077 1720 2161 interpretetus
1743 2082 1793 2140 est
1813 2078 1848 2138 in

240 2209 351 2272 pecca
371 2209 437 2250 una
457 2189 522 2252 sola
543 2189 623 2253 eoba
643 2191 672 2252 ei
691 2192 783 2270 ciacc,
806 2211 857 2252 ocu
871 2211 926 2254 coe
940 2194 1159 2276 mrepncmmto
1183 2192 1233 2254 circ
1254 2193 1320 2253 moi
1331 2211 1392 2253 nou
1406 2189 1521 2272 statice,
1544 2187 1699 2253 sententio
1715 2192 1749 2250 nt
1771 2193 1846 2270 puto

240 2305 325 2362 recte
341 2304 518 2383 perspecta.
542 2297 600 2364 sed
613 2298 672 2363 boe
689 2299 772 2364 nullo
783 2299 874 2364 modo
887 2301 932 2365 ita
943 2299 1113 2366 Eumenius
1127 2299 1289 2365 enuntiare
1301 2300 1403 2384 potuit
1418 2305 1451 2364 nt
1462 2298 1532 2364 libri
1544 2297 1706 2382 praebent,
1724 2294 1845 2363 simodo

240 2407 280 2473 de
302 2409 437 2475 leotione
461 2415 594 2474 constat.
645 2409 843 2476 scribendum
867 2410 991 2477 uidetur
1011 2414 1097 2476 scum
1120 2415 1184 2476 acte
1205 2415 1355 2476 urceum.-
1384 2414 1447 2475 eine
1461 2412 1526 2494 fine
1554 2412 1843 2474 documentum.

399 2519 502 2585 Semii
525 2517 566 2584 ad
592 2519 685 2603 Verg.
709 2522 788 2585 Aen.
812 2521 886 2586 VIII
911 2526 972 2589 727
999 2521 1078 2588 haee
1107 2527 1180 2588 sunt
1210 2525 1368 2588 Rhenus
1391 2522 1511 2608 flentur
1540 2521 1673 2600 Galliac,
1709 2519 1843 2582 bc'cor·

242 2630 305 2692 cris
327 2639 435 2710 meteret,
457 2633 529 2714 pecie
546 2651 605 2716 per
627 2633 703 2696 deos
725 2631 825 2695 aleces
838 2633 926 2718 fleat:
957 2655 1017 2719 per
1037 2655 1147 2713 anem,
1174 2655 1235 2718 qen
1256 2635 1428 2698 Roomnum
1450 2635 1610 2717 imperium
1632 2643 1687 2704 est;
1721 2651 1778 2714 per
1800 2631 1843 2692 el·

239 2750 345 2820 teum,
368 2761 430 2825 quea
451 2743 584 2805 imerbe't
605 2741 757 2806 barbaros.
802 2750 970 2826 praeterea
991 2742 1136 2826 sequiore
1159 2761 1238 2808 aeno
1260 2743 1315 2808 ille
1337 2741 1439 2808 Rheni
1462 2741 1672 2826 appellatione
1695 2739 1771 2804 nihil
1794 2745 1844 2802 est

240 2849 399 2932 uulgatius
422 2869 491 2915 cum
516 2849 601 2935 apud
624 2851 845 2936 Symmachum
874 2853 1015 2937 altosque
1038 2860 1103 2920 tum
1132 2853 1216 2939 apud
1240 2861 1362 2920 nostros
1385 2862 1534 2920 oratores.
1579 2851 1651 2917 hine
1674 2848 1842 2916 emendan-

237 2958 312 3024 dum
336 2967 412 3044 puto
427 2962 511 3043 quod
524 2961 694 3028 Eumenius
717 2962 813 3029 babet
831 2968 881 3047 13,
899 2969 919 3032 2
941 2967 993 3030 aar
1013 2967 1174 3050 palearem
1194 2966 1254 3030 tibi
1273 2967 1394 3030 aidum
1416 2977 1442 3031 ct
1463 2987 1589 3030 reuera
1605 2963 1843 3049 petelwrrinmm

237 3082 292 3152 ut,
314 3084 348 3136 ut
370 3073 490 3137 Rbenm
515 3075 568 3138 etta
593 3095 655 3138 aon
682 3075 778 3138 solum
805 3077 1008 3161 superioribus
1034 3079 1119 3158 loce'a,
1146 3077 1280 3142 abieet
1308 3077 1466 3142 Ictttediae
1487 3077 1620 3140 eudorus
1647 3084 1700 3136 aet
1726 3075 1843 3136 atctme

230 3183 330 3267 feretur
352 3186 492 3269 emptam,
513 3186 565 3249 sed
588 3187 677 3249 diem
697 3185 744 3250 ibr'
764 3208 842 3251 nocco
862 3199 952 3272 poete
981 3189 1117 3267 calcetur,
1138 3189 1193 3252 ubi
1219 3200 1295 3253 totae
1326 3199 1379 3268 cet,
1410 3187 1464 3252 eti
1489 3191 1552 3250 iem
1577 3185 1845 3271 prestructum

241 3315 352 3376 mcccc,
374 3318 447 3380 qrcos
468 3297 516 3360 Iu'c
537 3307 634 3360 noster
655 3299 759 3381 inperce
771 3299 892 3382 flumme
913 3310 939 3372 et
960 3300 1104 3364 tetum
1118 3299 1212 3363 Nicer
1235 3311 1261 3364 et
1276 3299 1403 3364 Moenus
1416 3301 1544 3379 inem,
1567 3296 1621 3361 att
1640 3299 1702 3360 ium
1717 3297 1847 3358 e'mmum'

241 3416 340 3470 mente
353 3408 448 3490 jeroc
470 3417 496 3470 et
517 3408 600 3471 claci
618 3409 709 3472 enaim
730 3410 879 3494 inpatiens
899 3412 933 3474 cic
955 3431 1027 3473 aaa
1057 3433 1169 3474 curcua
1191 3413 1273 3495 pectit
1295 3411 1440 3474 accedere.
1484 3408 1614 3474 uerbum
1637 3410 1727 3470 acme
1748 3423 1843 3489 eppo

241 3513 335 3580 situm
356 3514 489 3600 flagitat,
514 3515 618 3599 siquid
641 3517 744 3600 uideo,
769 3525 803 3584 ut
826 3517 981 3586 scribatur
1007 3524 1042 3584 m
1071 3524 1152 3586 doc
1184 3543 1306 3585 emma.

400 3626 445 3692 lb.
467 3632 516 3710 14,
534 3631 554 3694 2
578 3629 736 3713 macslcbet
759 3634 837 3694 mim
859 3636 962 3696 mersio
980 3635 1191 3717 manichaeae
1213 3632 1361 3718 questibus
1382 3643 1543 3716 arcemur,
1566 3631 1646 3696 debet
1668 3641 1766 3694 terrem
1786 3628 1847 3694 eibi

238 3758 300 3800 uec
317 3739 447 3822 priamo
468 3740 630 3820 urodcrcor',
646 3744 825 3824 pracsertim
848 3765 915 3806 cam
938 3765 1005 3808 erem
1027 3747 1082 3830 qai
1101 3745 1158 3808 tibi
1179 3767 1214 3808 ae
1235 3747 1325 3808 camb
1346 3743 1492 3826 beneficiet
1505 3745 1564 3806 tm'e
1579 3754 1605 3806 ct
1618 3753 1699 3806 tanto
1721 3743 1843 3805 uecessi-

243 3849 385 3911 tudinem
396 3849 486 3932 fontc
507 3853 645 3934 imprium
667 3855 807 3934 austere,
835 3855 934 3922 adires
965 3857 1235 3941 contempturi
1263 3867 1378 3940 copat
1406 3866 1447 3918 et
1470 3856 1589 3939 quasi
1616 3855 1666 3916 ira
1686 3853 1843 3937 efferveat.

240 3957 431 4024 mentionem
454 3958 605 4026 iniecerat
627 3961 799 4029 Eumenius
821 3963 1014 4048 Maximiani,
1038 3985 1131 4048 quem
1154 3967 1190 4031 ab
1213 3967 1441 4051 cartapetam,
1464 3965 1500 4028 ab
1524 3965 1615 4030 nam
1628 3965 1783 4049 jbpatum,
1807 3963 1843 4027 ab

237 4067 360 4154 Illpm'co
383 4071 577 4155 repudiatum
599 4072 666 4157 (14,
688 4073 734 4159 6),
759 4074 894 4159 bospitio
907 4075 1087 4142 Treuirensi
1110 4083 1285 4160 exceptum,
1311 4075 1463 4142 affinitate
1487 4074 1666 4142 deuinctum
1690 4073 1843 4140 Constan-

238 4177 321 4244 tinus
344 4199 377 4246 re
402 4197 478 4246 uera
501 4180 619 4248 erudeli
643 4189 675 4248 et
697 4183 855 4267 suspicati
878 4184 1005 4269 ingenio
1029 4186 1197 4252 obsecutus
1213 4185 1271 4252 sed
1287 4187 1439 4252 simulans
1451 4186 1541 4270 quasi
1565 4185 1710 4251 miserum
1734 4203 1843 4250 senem

238 4287 346 4353 bellam
368 4291 458 4358 uuita
478 4295 625 4378 accepere
647 4291 714 4379 (lb,
739 4293 774 4380 2)
798 4294 949 4380 erederet,
974 4295 1015 4364 ad
1039 4305 1168 4362 mortem
1192 4315 1291 4380 usque
1315 4305 1499 4382 persecutns
1522 4303 1599 4363 erat.
1639 4295 1679 4362 de
1703 4296 1763 4360 hoe
1784 4295 1844 4379 igi-

239 4403 293 4462 tur
311 4417 372 4480 quo
394 4401 488 4468 modo
510 4401 678 4469 dicendum
703 4403 744 4470 sit
767 4403 827 4470 sibi
851 4425 911 4471 non
935 4408 1053 4490 liquere
1076 4408 1240 4476 confitetur
1261 4408 1445 4474 Eumenius:
1469 4406 1695 4492 uituperandus
1718 4414 1767 4472 est
1790 4408 1844 4489 qui

237 4528 337 4576 nouae
360 4529 412 4576 res
435 4521 544 4579 contre
564 4513 784 4600 imperatorem
807 4517 906 4582 moliri
930 4537 1026 4585 ausus
1042 4518 1143 4604 fuerit,
1168 4539 1268 4603 seque
1289 4527 1395 4586 tamen
1411 4518 1555 4584 acerbius
1578 4518 1786 4585 inuehendum
1811 4518 1844 4584 in

236 4621 435 4688 Constantini
463 4641 607 4692 socerum
635 4626 765 4694 summis
789 4647 810 4693 a
832 4647 950 4712 genero
979 4629 1145 4696 honoribus
1168 4637 1320 4696 ornatum.
1368 4631 1450 4696 hano
1472 4630 1569 4714 igitur
1591 4629 1778 4696 seutentiam
1804 4649 1844 4696 ex

234 4732 340 4800 uerbis
370 4735 471 4799 actae
498 4740 695 4823 comemplem'
721 4749 805 4824 coque
834 4751 868 4803 ut
897 4743 987 4825 quusi
1011 4744 1061 4806 irc
1089 4742 1236 4828 efferrem
1258 4777 1300 4788 -
1329 4740 1376 4806 ita
1403 4742 1486 4807 enim
1521 4741 1552 4806 iu
1575 4741 1711 4806 Puteeni
1733 4739 1843 4808 oodiee

232 4841 379 4925 leguntur
409 4844 585 4928 steriliaque
615 4848 669 4914 alii
697 4849 768 4914 libri
796 4849 964 4934 praebent,
988 4851 1072 4934 qnod
1100 4851 1182 4917 enim
1206 4871 1245 4917 ex
1269 4851 1384 4936 Leugii
1407 4851 1534 4919 schedis
1549 4849 1658 4916 laudat
1678 4851 1842 4920 Ltuineins

232 4954 332 5020 antec
353 4959 549 5044 mecaenatem
569 4981 723 5044 capacem,
744 4973 835 5047 aeque
856 4966 996 5047 emmau
1017 4966 1122 5044 metm,
1144 4985 1297 5030 rmcrcerc
1318 4963 1351 5029 in
1374 4971 1484 5048 aperto
1509 4969 1559 5030 est
1581 4962 1696 5047 Langii
1720 4962 1842 5030 conice·
