4350 5326
927 327 1085 456 jc-

203 557 364 622 ammodo
385 555 488 618 utitem
503 553 607 636 filium
630 552 713 615 licm't
738 562 763 614 et
785 553 887 614 cidere
908 553 1073 615 uictorem!
1125 549 1264 610 narrauit
1286 547 1426 629 utique
1449 545 1590 608 mimam
1611 543 1687 608 cella
1711 555 1736 608 et
1757 545 1812 608 doc

208 665 250 728 ad
279 676 362 728 mam
396 661 454 748 (ita
488 660 569 724 bene
593 657 741 742 Sigonius
771 656 811 720 ab
835 657 1012 722 Arntzeniis
1041 655 1203 722 laudatus:
1231 651 1299 716 libri
1332 651 1405 740 sui)
1432 656 1579 738 proriam,
1605 673 1665 716 mom
1694 653 1734 715 od
1762 653 1813 716 mi

207 773 439 850 oatmtcm'oeern,
468 769 602 854 qualia
629 767 803 851 incipiendo
830 767 908 829 hosti
929 765 1010 852 (libri
1033 767 1125 844 leste,
1153 758 1335 826 emendaait
1357 757 1530 846 laegerus),
1556 781 1647 844 mem
1667 762 1813 824 rnamenta·

205 879 365 958 maiomam,
388 897 479 962 quem
493 873 600 958 sieilia
621 875 812 958 mepplirami.
850 891 906 956 pro
928 876 1030 958 otr'pne
1051 868 1279 936 restituendum
1295 867 1469 951 putauerim
1500 867 1656 951 edique.
1694 865 1809 933 deinde

205 984 314 1050 subest
338 980 456 1065 aliquid
481 979 547 1044 uitii
571 979 602 1043 in
627 979 779 1044 uocabulo
802 982 910 1065 preld.
956 985 988 1044 et
1011 978 1107 1042 uerba
1135 977 1205 1061 ipsa
1234 995 1296 1040 non
1319 973 1542 1059 praestiterim,
1572 992 1673 1057 neque
1703 979 1810 1039 tamen

204 1090 270 1158 neri
294 1088 446 1155 dissimile
470 1085 550 1152 duco
574 1087 638 1153 talc
662 1085 780 1169 aliquid
803 1084 973 1152 Nazarium
997 1083 1162 1169 scripsisse
1192 1106 1307 1169 quom
1333 1084 1501 1148 calidos
1529 1083 1701 1166 erepienlo
1724 1082 1808 1146 loeti.

367 1196 411 1260 ln.
438 1201 490 1271 38,
514 1199 534 1261 3
557 1198 632 1259 iacet
654 1198 688 1257 im
710 1196 800 1258 latere
824 1192 995 1260 Galliarum
1018 1206 1085 1257 aut
1105 1197 1138 1258 in
1160 1195 1228 1256 aiom
1251 1203 1301 1255 tac
1314 1190 1391 1276 suae
1405 1189 1555 1269 bardam'o,
1571 1187 1715 1257 dicuntur
1730 1187 1809 1254 haec

205 1304 244 1368 dc
269 1302 434 1368 Germania
458 1301 601 1367 deuictis.
648 1299 810 1366 Liuineius
834 1299 960 1384 scripsit
982 1313 1034 1364 mn
1056 1304 1089 1365 in
1111 1303 1179 1364 m'ne
1201 1322 1269 1380 aaa,
1291 1295 1452 1362 Acidaliae
1477 1308 1507 1360 ot
1528 1299 1563 1360 ia
1583 1299 1666 1378 aino,
1690 1294 1809 1362 Schen-

205 1409 315 1476 hcuios
339 1433 374 1474 aa
397 1413 428 1472 in
450 1411 528 1490 mire,
551 1406 624 1472 milri
649 1403 846 1473 scribendum
869 1407 995 1473 uidetur
1016 1419 1056 1472 et
1078 1413 1112 1472 im
1133 1411 1201 1470 arira
1223 1418 1283 1487 tuo,
1307 1409 1471 1489 apertast
1494 1411 1569 1488 apta
1592 1403 1632 1469 de
1656 1403 1808 1470 Constan-

204 1516 269 1582 tino
293 1517 426 1582 hostium
449 1523 597 1600 pecatore
621 1514 788 1580 sententia.

363 1622 448 1687 Lati
458 1641 540 1688 num
550 1623 731 1687 Pacatum
747 1621 863 1684 —iam
880 1621 963 1685 enim
979 1621 1020 1685 ad
1032 1621 1186 1686 hominem
1199 1620 1367 1686 decentum
1380 1625 1428 1684 cst
1440 1619 1608 1703 paullulum
1619 1616 1807 1683 modestiore

203 1749 347 1796 sermone
371 1747 460 1792 usum
485 1725 789 1809 eundemquc'lraud
813 1727 959 1810 exiguam
983 1727 1154 1794 Theodosii
1177 1748 1277 1794 rernm
1303 1726 1444 1792 notitiam
1459 1725 1662 1810 praebentem
1685 1761 1729 1770 —-
1752 1723 1807 1788 mi·

204 1855 257 1901 ror
279 1835 406 1899 incunte
430 1834 624 1918 panegirico
648 1834 762 1900 nemini
787 1835 951 1900 obscurum
976 1835 1078 1900 nisum
1094 1836 1191 1902 fnisse
1215 1835 1291 1900 talia
1313 1835 1449 1899 locutum
1471 1837 1563 1919 aipnr'o
1584 1853 1719 1918 umquem
1732 1831 1809 1916 sad,

203 1943 372 2026 Inprcredcr·
386 1942 530 2026 nepam,
553 1945 608 2026 qai
627 1953 654 2005 te
671 1953 825 2028 pmaeaeote
841 1944 975 2006 dictemus
996 1947 1062 2007 iere
1083 1945 1287 2029 trepidaverit,
1311 1964 1377 2006 mm
1394 1923 1528 2026 profecto
1550 1961 1597 2004 mc
1619 1961 1675 2005 ecee
1698 1943 1807 2024 etipse

194 2048 370 2131 satorem
395 2051 444 2128 ere,
468 2051 522 2132 qui
542 2050 699 2112 conciliem
720 2060 805 2112 tuum
823 2053 1020 2134 participant,
1041 2053 1145 2114 uideri
1158 2071 1245 2134 pocae
1259 2051 1359 2113 ntideo.
1397 2047 1596 2112 scribendum
1611 2053 1661 2112 est
1677 2046 1757 2130 quod
1775 2055 1808 2114 et

204 2171 298 2218 sensu
321 2152 483 2236 flagitatur
505 2161 538 2218 et
559 2153 702 2220 litterulis
725 2173 822 2239 prope
846 2154 966 2220 eisdem
989 2162 1112 2220 constat
1143 2178 1309 2240 euporo.

364 2259 504 2326 Senecae
531 2259 571 2325 ad
596 2260 740 2326 Hcluiam
765 2259 806 2326 de
830 2261 1041 2327 consolatione
1066 2269 1096 2346 6,
1122 2268 1141 2330 6
1166 2262 1246 2328 haec
1270 2269 1342 2328 sunt
1373 2261 1469 2326 uerba
1492 2281 1513 2325 a
1534 2262 1676 2326 Puteanc
1699 2260 1740 2327 ad
1763 2263 1806 2327 lo·

203 2385 272 2431 cum
298 2367 406 2431 Pacati
430 2367 481 2448 qul
505 2373 556 2432 θεῖ
582 2373 631 2448 lt),
659 2373 674 2435 1
701 2367 831 2434 laudata
853 2371 973 2432 emeterio
1002 2372 1056 2454 qni
1082 2371 1184 2434 dicant
1209 2374 1300 2435 ineaae
1330 2370 1498 2432 nmoratem
1521 2371 1676 2454 pecodem
1697 2373 1806 2435 inrito-

202 2477 312 2538 ticncm
342 2478 451 2538 animm
480 2478 675 2540 ecnnrmtmrdi
695 2479 777 2540 sedec
800 2487 824 2540 m
846 2477 1048 2561 transferendi
1068 2478 1233 2540 domicilio.
1277 2477 1425 2541 rnobilia
1452 2477 1529 2539 enim
1553 2487 1578 2540 ei
1599 2480 1732 2562 inquiete
1753 2481 1805 2544 lto-

201 2583 280 2644 mimi
300 2603 381 2644 mem
404 2583 476 2645 dcta
499 2594 554 2646 eet:
577 2605 733 2668 mammam
754 2604 783 2648 ac
804 2593 894 2663 tenet,
922 2586 1074 2668 aptorpitm·
1097 2594 1122 2646 et
1145 2587 1331 2668 copdateimea
1351 2605 1421 2646 amaa
1448 2585 1481 2646 ira
1503 2587 1605 2647 onznia
1627 2599 1698 2650 erote
1720 2599 1806 2674 cipere

202 2689 304 2771 mmm
328 2689 450 2752 dimittit
472 2711 553 2774 copo
576 2701 601 2753 et
624 2694 728 2774 pm'etia
749 2692 897 2774 inpetrem
920 2702 945 2754 et
966 2694 1097 2754 enudate
1118 2711 1220 2753 rcrmm
1243 2692 1412 2754 icdmeinm.
1457 2707 1538 2770 quac
1562 2688 1635 2755 dum
1657 2693 1731 2776 lego
1753 2695 1807 2760 uix

202 2791 342 2858 adducor
365 2799 399 2858 ut
421 2793 566 2860 Latinum
590 2797 742 2862 Pacatum
767 2802 796 2880 6,
821 2801 842 2864 3
865 2796 946 2862 haec
969 2796 1135 2880 scripsisse
1159 2795 1286 2863 credam
1319 2819 1381 2860 mon
1399 2796 1521 2882 simma
1544 2799 1639 2882 plane
1667 2803 1806 2884 opinione

200 2903 398 2986 sapientiem,
422 2907 477 2988 qai
488 2894 675 2968 naturaliam
691 2915 835 2968 momente
851 2927 1010 2968 commem
1023 2905 1159 2968 moretm
1173 2908 1312 2974 sciscitati
1326 2908 1444 2968 encenia
1464 2905 1631 2970 neclectibus
1652 2905 1806 2972 mobilia

200 3029 289 3072 ceras
308 3011 487 3090 temlerum,
516 3015 724 3096 oapummmmc
747 3033 878 3096 quaeqae
900 3015 1007 3096 species
1028 3013 1198 3096 plurimum
1228 3014 1359 3076 ereditur
1384 3012 1499 3075 tradere
1526 3011 1564 3076 de
1586 3013 1679 3093 coelo,
1706 3012 1805 3079 fuisse

202 3113 297 3180 credo
325 3116 487 3183 ‘inoliter
515 3141 611 3182 curce.

361 3223 432 3287 Non
455 3223 577 3289 conlido
601 3223 769 3290 emendare
792 3242 843 3288 mc
866 3243 961 3308 posse
983 3244 1064 3307 qnae
1088 3224 1172 3290 idem
1196 3223 1291 3290 habet
1319 3230 1372 3308 12,
1397 3231 1419 3292 4
1441 3227 1491 3290 itti
1511 3228 1604 3309 emim,
1636 3227 1686 3290 illi
1714 3229 1805 3292 auide

201 3349 294 3414 repam
317 3331 480 3394 deriderent
502 3355 575 3416 qnos
595 3335 692 3397 soleta
715 3331 826 3417 lepidm
855 3335 920 3396 orto
943 3334 1077 3412 delectat,
1109 3355 1237 3418 quoram
1267 3335 1425 3399 mertem
1454 3334 1640 3397 iadenmctoa
1668 3337 1805 3416 meme-t,

201 3423 351 3520 camdem
367 3440 495 3520 priuata
516 3441 665 3523 rapiendi,
689 3439 783 3504 libido
805 3441 923 3503 domeeta
936 3440 1092 3524 foedandi
1119 3444 1134 3505 i
1141 3463 1183 3504 ae
1212 3452 1299 3526 atque
1320 3444 1526 3528 impendentem
1547 3443 1711 3527 requirunt.
1751 3441 1804 3507 de-

201 3539 356 3605 sideratur
379 3542 442 3607 tale
466 3543 583 3626 aliquid
606 3545 699 3626 quale
721 3545 848 3611 Patarcl
872 3545 1128 3630 interpretatione
1151 3553 1369 3631 repraesentet
1390 3555 1428 3613 cd
1451 3549 1594 3612 comoedo
1617 3551 1805 3634 imprimendi

202 3647 239 3710 ed
261 3647 394 3728 arbitrio,
418 3649 565 3732 uenitque
588 3651 621 3716 in
644 3659 780 3716 mentem
811 3656 890 3717 aim
919 3665 945 3718 et
965 3657 1182 3740 impunitatem,
1206 3654 1261 3720 scd
1286 3655 1413 3720 meliora
1435 3653 1602 3739 proferenti
1619 3654 1730 3721 lobene
1754 3677 1803 3722 cc·

202 3751 286 3818 darn.
335 3771 415 3837 quae
440 3765 543 3824 antem
567 3759 672 3842 paullo
695 3760 934 3843 postlcguntur
957 3761 1080 3827 exalia
1103 3781 1219 3846 genere
1251 3767 1323 3827 sunt
1355 3767 1402 3826 rim
1431 3785 1580 3826 mmmmm
1600 3765 1750 3846 paruitate
1779 3776 1804 3828 et

201 3865 297 3948 copiis,
319 3884 380 3926 non
401 3867 554 3929 secerdote
569 3869 722 3952 peccandi
742 3871 893 3953 eepem'mir.

360 3969 516 4034 Maximus
540 3979 737 4057 comparatur
758 3991 829 4038 cum
852 3973 1031 4040 Theodosio
1055 3981 1108 4058 31,
1130 3983 1145 4046 l
1171 4002 1211 4043 am
1233 3980 1374 4042 aestimem
1395 3989 1422 4042 te
1444 3998 1544 4041 wem
1567 3988 1594 4040 et
1614 3978 1711 4041 aotam
1732 3999 1803 4042 om·

201 4079 299 4142 imam
321 4089 443 4142 enimam
454 4077 542 4162 seme
565 4084 725 4146 coniectum
747 4082 797 4146 ille
819 4085 973 4168 quomdam
996 4085 1102 4148 doinus
1123 4096 1192 4150 tace
1217 4086 1483 4172 aeplepmtirairmm
1504 4085 1632 4149 uenale
1652 4087 1802 4151 memte-

199 4204 323 4268 eumque
344 4186 501 4249 aemilium
523 4191 663 4251 mmmmm
686 4189 750 4251 lica
767 4192 928 4272 potniaaet?
966 4214 1027 4256 non
1049 4197 1148 4257 atritim
1171 4205 1264 4258 totam
1285 4193 1404 4258 mecm
1425 4193 1573 4257 hominem
1588 4197 1803 4277 praeterita

200 4291 250 4352 mi
268 4293 369 4374 tuique
390 4295 556 4377 reputatio?
578 4316 639 4357 mon
660 4298 723 4379 ipae
744 4295 804 4360 eibi
824 4297 967 4364 obicer'aeet
988 4311 1015 4364 te
1038 4321 1094 4364 care
1116 4300 1306 4386 ammplam
1326 4301 1392 4364 miri
1406 4300 1517 4382 filmer,
1537 4321 1568 4364 ce
1584 4302 1685 4384 patria
1706 4303 1803 4366 ineer-

201 4396 287 4458 mm?
305 4442 313 4460 .
331 4442 365 4459 ..
389 4398 588 4466 scribendam
617 4400 761 4466 existimo
787 4408 1018 4486 praeteriti.
1047 4397 1049 4404 ’

360 4503 491 4570 Barbari
514 4506 544 4571 in
569 4507 706 4573 exercitu
723 4507 893 4576 Theodosii
915 4510 1074 4597 stipendia
1087 4513 1249 4580 merebant
1264 4511 1331 4602 (32,
1349 4512 1398 4600 5):
1419 4514 1695 4598 memmmtmo,
1716 4517 1803 4580 malla

201 4609 344 4694 ccnfmm'o,
367 4611 453 4675 mulla
475 4615 602 4700 direptio
626 4628 659 4680 et
682 4617 842 4684 atumem
866 4630 937 4701 mm,
954 4625 1038 4706 potin,
1053 4624 1200 4708 ar'qoondo
1224 4621 1380 4707 difficilior
1392 4620 1603 4707 flammeria
1623 4644 1670 4688 rea
1682 4621 1802 4708 Jeme,

199 4719 335 4803 inopiam
351 4721 501 4804 pmiemm
517 4721 630 4804 screbat
653 4735 679 4790 et
700 4747 793 4810 mam
813 4749 936 4791 numero
952 4740 1068 4792 amarat
1091 4751 1242 4794 annonem
1265 4731 1478 4814 commanendo
1500 4729 1621 4794 meacm
1637 4751 1699 4815 pro
1721 4735 1806 4796 omni

194 4827 333 4909 praemio
357 4829 495 4912 omnique
515 4832 646 4896 mercede
660 4833 696 4896 id
709 4855 805 4897 emam
817 4855 970 4919 reposcam
991 4847 1024 4900 ιιι
1046 4847 1114 4900 mna
1135 4838 1291 4902 diceretur.
1329 4849 1443 4922 pacata
1465 4845 1504 4900 est
1518 4840 1638 4901 arimatia
1660 4835 1800 4902 ambitio:

200 4933 364 5018 eempiebaa
385 4934 556 5018 dmcdmirm
585 4940 688 5022 quod
717 4943 889 5027 impmtcrea.
935 4948 1019 5008 recte
1042 4941 1179 5026 explicat
1202 4943 1254 5026 qni
1278 4941 1433 5028 Delphino
1456 4942 1649 5028 exemplaria
1673 4941 1805 5010 curabat

1605 5070 1643 5126 3*
