4350 5326
704 1687 1018 1820 Lectiones
1054 1686 1467 1859 panegyricue

286 1983 439 2159 Tacitus
463 2082 531 2148 siue
555 2079 624 2163 quis
648 2078 727 2143 alius
749 2075 926 2142 ‘Romanae
949 2077 1102 2143 libenatis
1131 2069 1283 2142 assertor'
1313 2075 1340 2140 si
1369 2075 1531 2166 rediuiuus
1555 2076 1636 2142 hanc
1660 2077 1691 2144 in
1714 2077 1816 2142 lucem
1839 2095 1886 2140 re-

286 2201 469 2274 uerteretur,
494 2212 556 2257 non
579 2190 673 2255 ualde
696 2190 806 2274 opinor
828 2188 982 2272 gauderet
1005 2195 1050 2252 tut
1073 2205 1261 2252 summorum
1277 2183 1474 2268 ingeniorum
1498 2195 1697 2254 monumenta
1720 2186 1886 2268 interiisse,

285 2311 421 2370 aetatem
445 2303 555 2368 tulisse
579 2321 649 2366 cunr
673 2300 752 2366 elius
775 2300 866 2386 parui
889 2301 981 2383 pretii
1004 2297 1098 2364 libros
1122 2307 1186 2363 tum
1210 2297 1263 2381 qui
1286 2296 1434 2380 autiquae
1450 2297 1573 2363 uirtutis
1591 2299 1765 2364 hominibus
1788 2297 1887 2382 pestis

286 2415 392 2498 eliqua
415 2435 452 2480 ac
475 2413 631 2498 pernicies
655 2411 756 2476 uideri
779 2411 911 2494 debent,
943 2411 1155 2496 panegyricos
1178 2409 1319 2476 Latinos.
1374 2409 1481 2474 horum
1511 2409 1593 2475 enim
1618 2411 1773 2475 bominum
1798 2415 1887 2474 tanta

285 2527 388 2618 estin
413 2526 571 2591 adulando
594 2521 797 2607 impudentia,
823 2522 895 2586 tulis
917 2522 950 2585 in
974 2521 1152 2586 mentiendo
1176 2519 1347 2604 effrenatio,
1374 2528 1407 2584 ut
1430 2519 1522 2586 hodie
1546 2521 1599 2586 uix
1623 2522 1787 2604 quisquam
1810 2520 1886 2584 inra-

286 2635 391 2718 ginem
416 2635 548 2701 hominis
572 2634 704 2702 alicuius
727 2633 917 2718 cogitatione
941 2631 1059 2714 lingere
1083 2632 1142 2696 sibi
1166 2633 1280 2717 possit,
1311 2633 1363 2715 qui
1392 2633 1484 2698 talem
1509 2632 1680 2698 orationem
1704 2652 1807 2698 coram
1832 2631 1886 2698 irn-

285 2750 430 2830 perature
454 2746 522 2812 sine
544 2747 673 2830 pudure,
699 2745 767 2810 sine
791 2745 854 2810 oris
877 2743 1059 2808 confusione
1081 2743 1234 2808 habuerit.
1281 2749 1330 2808 est
1353 2743 1434 2808 enim
1461 2743 1538 2808 lruec
1555 2743 1693 2808 adulatio
1708 2743 1800 2827 plane
1825 2742 1886 2806 sin-

286 2857 405 2940 gularis
428 2863 461 2922 et
484 2857 564 2922 sicut
586 2857 619 2922 in
642 2857 783 2920 Romano
805 2854 936 2940 imperio
959 2856 1063 2919 onrniu
1091 2875 1210 2936 magna
1231 2862 1321 2918 erant
1343 2860 1376 2919 et
1399 2855 1547 2938 grandia,
1580 2855 1624 2920 ita
1647 2861 1679 2920 et
1700 2855 1772 2937 ipsa
1796 2860 1887 2918 uasta

284 2967 491 3051 immanisque
515 2975 547 3032 et
570 2987 590 3031 a
612 2965 795 3049 uulgaribus
818 2965 977 3030 hominum
1005 2964 1226 3031 blandimentis
1254 2965 1437 3048 longissime
1465 2973 1600 3032 remota:
1629 2985 1690 3030 nou
1720 2963 1887 3030 adulantur

284 3079 427 3148 modesta
450 3080 504 3144 illa
526 3086 558 3145 et
580 3077 671 3162 quasi
695 3078 834 3142 bumana
856 3077 977 3142 ratione
999 3084 1034 3140 ut
1049 3076 1101 3142 ille
1126 3076 1171 3140 ait
1192 3079 1298 3166 peretot
1320 3080 1366 3163 pli
1384 3082 1502 3142 ammoni
1518 3081 1547 3142 et
1566 3081 1783 3163 conqn'aeciono
1806 3089 1887 3140 tuoto

284 3193 359 3256 uelle
382 3214 443 3258 cose
465 3193 511 3256 lcr
531 3193 656 3276 propm'e
678 3192 715 3254 cd
737 3194 770 3252 in
792 3191 881 3254 ruodo
904 3192 937 3253 υἱ
957 3186 978 3252 u'
995 3192 1180 3275 linguonense,
1204 3189 1252 3252 circ
1268 3211 1323 3252 con
1346 3189 1495 3273 diffie-uultu
1510 3192 1539 3252 ei
1551 3190 1714 3274 dr'sendunu
1730 3191 1772 3251 du
1787 3201 1887 3273 questu

280 3314 370 3385 petru,
394 3301 452 3366 sed
475 3308 644 3385 conspecto
659 3300 848 3384 imperatore
871 3299 974 3365 subito
997 3298 1088 3382 quasi
1111 3299 1142 3363 in
1167 3299 1287 3364 caelum
1312 3299 1434 3384 abrepti
1452 3299 1670 3364 homunculum
1693 3297 1886 3364 exaduersus

285 3429 320 3475 se
344 3417 479 3475 stantem
501 3417 659 3492 tamqnam
682 3417 882 3496 praesentem
911 3409 1004 3476 deum
1032 3411 1114 3476 uotis
1142 3411 1350 3494 precibusque
1374 3410 1516 3475 adorant.
1564 3429 1752 3492 quamquam
1777 3429 1815 3474 ue
1839 3410 1886 3474 cis

285 3519 412 3604 quidem
435 3539 496 3586 sua
517 3519 608 3585 deest
630 3521 761 3588 utilitas:
791 3522 844 3588 uix
872 3521 955 3586 enim
980 3520 1150 3604 quidquam
1174 3541 1214 3586 ex
1235 3520 1371 3586 labentis
1394 3521 1514 3605 imperii
1539 3521 1671 3586 Romani
1696 3519 1885 3604 temporibus

286 3629 326 3694 ad
350 3649 408 3695 nos
431 3650 531 3713 usque
553 3630 698 3714 peruenit
720 3652 759 3697 ex
782 3651 843 3716 quo
874 3639 938 3698 tam
963 3631 1097 3698 dilucide
1121 3639 1153 3696 et
1175 3631 1396 3714 imperatorum
1420 3632 1567 3715 superbia
1591 3639 1623 3696 et
1645 3632 1745 3698 fastus
1775 3633 1886 3697 Rorna-

286 3759 454 3824 uorumque
478 3741 602 3807 abiectu
626 3741 783 3807 lrumilitas
807 3751 1024 3826 cognoscatur.
1072 3743 1227 3808 accedunt
1243 3744 1340 3807 rnulta
1356 3743 1431 3810 ulia:
1455 3763 1505 3808 res
1522 3743 1742 3826 imperatorum
1765 3743 1884 3806 illorum

285 3851 440 3916 interdum
469 3858 614 3917 accurate
644 3851 837 3936 descriptae,
874 3873 975 3918 mures
1005 3855 1074 3919 acui
1099 3855 1202 3919 multis
1225 3855 1302 3920 locis
1325 3853 1488 3920 utilissime
1517 3853 1677 3937 illustr-ati,
1707 3873 1809 3919 sermo
1837 3853 1886 3918 uel

284 3970 411 4048 propter
433 3969 588 4026 oratorum
611 3964 746 4047 patrium
775 3964 953 4047 cognitione
982 3964 1065 4028 haud
1094 3965 1252 4048 indignus.
1306 3967 1385 4030 haec
1413 3973 1517 4030 tamen
1551 3985 1613 4028 non
1636 3966 1713 4029 tanti
1740 3963 1887 4028 calebant

284 4073 369 4159 apud
393 4093 447 4138 eos
470 4073 522 4156 qui
547 4073 627 4138 hanc
643 4081 742 4140 artem
758 4076 948 4159 profitentur,
975 4084 1007 4140 ut
1023 4076 1239 4159 existeretqui
1258 4079 1404 4142 loannem
1421 4075 1596 4140 Liuineium
1613 4075 1654 4139 ad
1671 4074 1885 4140 emendandus

284 4185 352 4250 illos
376 4183 585 4268 panegyricos
608 4184 661 4266 qui
685 4195 838 4251 uocantur
859 4187 1072 4252 felicissimum
1096 4187 1207 4254 ducem
1232 4197 1429 4270 sequeretur:
1458 4186 1551 4250 bodie
1584 4188 1665 4250 enim
1688 4185 1734 4249 ita
1757 4185 1885 4250 circnm-

283 4295 425 4361 t'eruntnr
446 4301 480 4359 ut
503 4315 542 4360 ne
558 4295 691 4377 egregia
706 4296 831 4380 quidem
847 4297 947 4381 istius,
973 4298 1087 4363 nedum
1104 4298 1199 4362 multa
1215 4298 1297 4362 bona
1313 4297 1447 4362 Acidalii
1464 4297 1563 4382 Lipsii
1580 4295 1731 4362 Sebelieri
1755 4295 1885 4362 inuenta

283 4408 315 4472 iu
337 4405 475 4472 ordinem
509 4406 673 4470 uerborum
704 4414 832 4491 recepta
862 4407 983 4474 videus.
1038 4408 1093 4474 sed
1126 4409 1255 4491 gramm
1286 4409 1431 4494 peccauit
1454 4408 1728 4474 Christianus
1752 4407 1885 4472 Theo-

282 4517 425 4601 philus
449 4515 717 4584 Scbwu'rzius
741 4557 783 4568 -
807 4539 879 4584 nam
904 4518 1179 4602 Wolgungum
1201 4523 1420 4604 laegerum
1451 4527 1483 4585 et
1506 4521 1685 4585 loannes
1713 4520 1885 4584 Arntne·

282 4627 373 4693 nior
404 4627 576 4694 Schwarzii
607 4629 797 4714 pedisequos
828 4631 1007 4715 uituperare
1043 4630 1095 4694 uix
1126 4650 1241 4714 operae
1271 4632 1415 4723 pretium
1437 4639 1486 4696 est
1517 4669 1560 4680 —
1591 4631 1739 4696 admissis
1771 4628 1884 4712 ubique

280 4740 350 4806 libri
374 4739 507 4829 alicuius
529 4760 624 4806 mauu
648 4741 756 4827 scripti
779 4741 978 4826 lectionibus,
1009 4761 1102 4826 quern
1125 4741 1324 4808 Schwurzius
1353 4743 1479 4808 saeculo
1502 4743 1593 4807 tertio
1617 4742 1739 4806 decimo
1763 4743 1807 4828 tu.
1832 4741 1884 4806 ob-

282 4857 411 4918 seruutt.
435 4850 477 4916 ad
499 4871 654 4936 panegyr.
679 4853 855 4919 Mamertini
880 4853 1071 4918 Maximiano
1095 4853 1228 4946 dictum,
1252 4853 1374 4919 Altorfii
1402 4857 1500 4938 1739,
1525 4875 1555 4938 p.
1580 4853 1615 4940 4)
1639 4854 1788 4938 scriptum
1813 4871 1884 4918 csse

280 4962 339 5029 sibi
364 4969 575 5048 persuaserat.
622 4983 686 5048 qno
707 4963 746 5029 de
776 4964 885 5030 codice
909 4983 978 5030 cum
1009 4965 1088 5030 haec
1116 4965 1223 5032 tradat
1244 4962 1427 5051 'possessor
1449 4963 1631 5050 ἀνώνυμος
1654 4985 1688 5032 se
1711 4963 1886 5049 perlegisse

1711 5091 1722 5147 i
