4350 5326
1084 311 1111 398 3

1014 423 1173 435 ...—

292 535 520 604 Mediolanensi
544 535 629 600 nulla
651 531 829 618 corruptela
851 550 913 595 non
936 529 1131 612 inquinatae,
1162 527 1277 610 quique
1306 525 1455 610 egregias
1479 527 1716 596 emendationes
1739 533 1898 618 recepisse

167 691 172 698 ·
293 648 354 715 sibi
378 647 557 732 uidebatur,
591 665 661 711 cum
688 644 784 710 ueluti
814 646 926 708 Romae
947 645 1089 707 recanat
1116 640 1250 723 (auton.
1279 637 1356 722 phil.
1380 636 1421 726 8)
1452 639 1577 726 scripsit
1605 662 1645 707 ex
1668 644 1811 728 exemplo
1834 644 1900 710 Me-

294 759 468 826 diolanensi
500 779 557 843 pro
586 777 624 824 eo
660 757 744 840 qnod
772 755 898 821 codices
932 752 1049 820 vetusti
1076 752 1194 817 babent
1221 751 1350 815 &aava
1376 756 1533 834 remaneat,
1569 752 1771 819 Commodum
1804 754 1900 821 nihilo

293 872 395 938 minus
417 876 451 936 ia
468 872 591 958 publico
614 868 719 956 (uitae
743 865 905 932 Commodi
929 864 970 953 8)
992 865 1149 952 procedere
1179 881 1293 948 passus
1323 861 1447 945 aliaque
1481 865 1549 929 cius
1572 865 1698 948 generis
1722 885 1791 931 cum
1816 866 1900 952 apud

293 971 354 1051 hos
374 985 543 1068 scriptores
565 981 662 1045 obuia
682 985 748 1044 tum
771 979 886 1045 nemini
910 977 998 1060 mira,
1023 975 1074 1058 qui
1099 973 1290 1058 digestorum
1307 979 1339 1038 et
1359 973 1510 1056 uolgatae
1527 975 1718 1060 aliorumque
1742 979 1896 1061 sequioris

293 1095 366 1161 aeui
388 1093 535 1159 librorum
557 1111 731 1158 samonem
755 1088 947 1173 cognouerit.
994 1107 1102 1153 uerum
1126 1085 1205 1152 haec
1228 1083 1365 1150 nondum
1389 1085 1467 1151 satis
1491 1093 1581 1152 erant
1603 1087 1695 1154 docto
1718 1089 1762 1154 illi
1786 1089 1898 1169 amico,

294 1206 346 1290 qui
370 1205 410 1270 de
434 1224 472 1270 eo
495 1203 647 1287 nobisque
677 1202 826 1268 indicium
854 1201 924 1266 tulit
952 1200 984 1265 iu
1012 1197 1112 1264 diario
1142 1196 1329 1264 scholastico
1359 1198 1524 1263 Austn'aco
1549 1203 1712 1284 (18651).
1738 1203 1801 1268 727
1825 1200 1898 1286 sq),

292 1317 409 1402 quippe
432 1316 484 1400 qui
507 1315 603 1381 etiam
625 1313 752 1380 codices
775 1313 979 1398 interpolatos
995 1310 1036 1375 ad
1061 1308 1312 1382 emendationem
1336 1308 1478 1375 adhiberi
1501 1311 1634 1377 noluerit
1649 1309 1694 1399 (p.
1713 1311 1792 1400 732)
1808 1333 1898 1397 prae-

295 1428 397 1494 clarus
420 1427 541 1492 scilicet
564 1434 596 1493 et
618 1427 728 1492 harum
752 1445 855 1491 rerum
870 1424 965 1489 iudex
988 1429 1020 1488 et
1036 1440 1111 1488 uero
1125 1421 1238 1486 Latine
1261 1420 1293 1484 in
1316 1421 1428 1504 paucis
1444 1420 1566 1488 doctus.
1606 1423 1676 1506 quis
1693 1423 1775 1490 enim
1792 1424 1901 1490 credat

294 1539 421 1605 aliorum
444 1558 515 1605 eum
540 1538 696 1604 hominem
720 1555 882 1602 censorem
906 1534 1041 1601 existere
1065 1539 1097 1598 et
1120 1533 1288 1616 scriptores
1304 1532 1435 1597 Latinos
1451 1533 1666 1602 emendandos
1682 1534 1742 1600 sibi
1766 1555 1898 1616 sumere,

293 1651 344 1736 qni
369 1652 467 1717 haece
491 1651 589 1716 uerba
612 1649 664 1714 uel
685 1647 837 1733 impuberi
862 1664 959 1730 puero
982 1645 1150 1737 perspicua
1172 1642 1311 1731 (lordani
1335 1645 1435 1728 praei.
1460 1646 1566 1731 script.
1592 1646 1621 1712 h.
1639 1651 1676 1712 A.
1701 1668 1731 1731 p.
1751 1643 1809 1735 ΙΙΙ)
1832 1669 1901 1712 eum

294 1811 329 1828 ..
354 1765 534 1828 Palatinam
557 1809 591 1826 ..
616 1762 811 1846 Kiesalr'upiue
833 1761 1025 1844 repperisset,
1054 1779 1106 1843 epo
1133 1759 1234 1820 atatim
1264 1758 1306 1820 od
1333 1761 1572 1844 reciperandam
1600 1759 1654 1823 lace
1681 1761 1816 1822 uriarum
1844 1759 1900 1822 dia

293 1877 493 1960 aeplecturana
519 1877 583 1937 ium
612 1895 673 1937 aon
700 1875 825 1950 acicam
852 1882 883 1934 nt
911 1873 1126 1957 praedaturum
1144 1867 1382 1953 saudarneatum
1409 1891 1456 1934 rue
1491 1873 1605 1936 contuli
1629 1869 1675 1934 ita
1701 1871 1900 1954 interpretari

297 1985 431 2051 ualuerit
460 1990 509 2070 (p.
535 1984 619 2068 728)
650 1983 768 2064 araas
784 1986 870 2047 rethre
891 1983 1013 2046 Jordan
1035 1983 1112 2044 each
1133 1981 1212 2044 Rom
1237 1981 1303 2044 aad
1330 1982 1612 2066 raphahelem..
1637 2019 1681 2030 -
1709 2000 1770 2063 ego
1794 1987 1899 2046 tamen

294 2096 434 2163 codicem
459 2093 732 2160 Caroliruhensem
755 2094 786 2158 iu
811 2092 971 2178 praesenti
994 2111 1056 2156 non
1078 2109 1206 2176 prorsus
1230 2091 1441 2176 spernendum
1463 2098 1565 2176 ratus,
1597 2091 1796 2177 quianullus
1820 2092 1900 2156 anti-

294 2207 384 2292 quior
406 2207 486 2272 liber
508 2211 654 2270 accurato
678 2223 830 2270 excussus
852 2211 911 2286 est,
934 2203 1091 2288 integrum
1113 2221 1184 2268 cum
1208 2201 1331 2285 laegeri
1354 2203 1497 2288 exemplo
1520 2203 1646 2268 contuli.
1693 2222 1793 2287 neque
1817 2204 1899 2269 enim

293 2319 409 2385 desunt
431 2317 506 2396 loci,
536 2316 589 2382 nbi
618 2316 658 2382 de
686 2315 774 2382 libris
802 2315 1029 2398 antiquioribus
1057 2301 1133 2380 nihil
1161 2312 1310 2378 traditum
1333 2321 1396 2398 est,
1427 2314 1677 2381 Carolirubensis
1701 2335 1741 2380 ea
1763 2314 1899 2399 exhibet,
1979 2371 1983 2378 .

294 2450 376 2514 quae
401 2437 433 2495 et
456 2429 528 2514 ipsa
550 2427 583 2493 in
605 2426 828 2494 uetustioribus
851 2427 938 2492 libris
961 2427 1025 2510 legi
1048 2425 1141 2491 facile
1165 2423 1220 2490 tibi
1237 2425 1443 2510 persuadeas.
1490 2425 1697 2492 conferendus
1721 2433 1826 2492 autem
1850 2427 1901 2494 uel

292 2541 366 2608 ideo
388 2547 465 2622 erat,
490 2538 573 2622 quod
593 2538 794 2605 Schwarnius
817 2546 849 2604 et
864 2539 1015 2622 laegerus
1039 2536 1118 2603 satis
1141 2536 1347 2619 neglegenter
1362 2535 1464 2603 officio
1487 2537 1682 2602 sanctisunt.
1729 2537 1899 2604 omiserunt

294 2669 365 2718 cnm
388 2649 452 2714 alia
474 2651 573 2715 multa
594 2657 660 2714 tum
682 2651 823 2733 integras
846 2649 1030 2731 sententias,
1055 2647 1151 2712 ueluti
1176 2648 1318 2713 Mamert.
1336 2647 1480 2714 Genethl.
1505 2647 1633 2714 Maxim.
1659 2653 1726 2732 7,3
1751 2651 1901 2737 quidquid

294 2763 433 2828 alterutri
446 2773 620 2848 mamam
642 2762 798 2826 audeam
820 2773 870 2826 eat.
915 2765 947 2843 4,
973 2766 990 2828 1
1016 2761 1097 2846 qaod
1120 2761 1318 2845 eapeddiouea
1339 2771 1453 2824 uestrae
1474 2783 1632 2826 carnaeae
1653 2785 1715 2825 noa
1732 2785 1899 2848 posnaniae.

452 2873 538 2941 .Vsus
561 2879 611 2938 est
633 2871 832 2939 Sabarai-rins
856 2872 951 2938 etiam
979 2870 1087 2938 codice
1117 2871 1221 2954 aliquo
1250 2870 1428 2937 Gudiano
1457 2909 1500 2920 --
1529 2871 1614 2956 apud
1642 2871 1789 2938 Ebertum
1819 2891 1900 2939 nnus

292 2991 418 3051 notatur
445 2984 527 3050 inter
554 2983 718 3052 Gudianos
746 2981 1008 3068 quadragesimus
1037 2983 1163 3068 quintus
1191 2969 1318 3049 saeculo
1347 2981 1453 3066 quinto
1482 2981 1604 3048 decimo
1632 2983 1827 3068 conscriptus
1859 3021 1898 3031 -

293 3095 526 3163 Carolirubensi
548 3095 720 3178 simillimo,
750 3095 834 3179 quod
857 3094 1012 3161 affirmare
1035 3095 1114 3160 satis
1138 3101 1199 3160 est:
1227 3093 1336 3160 taedet
1358 3094 1440 3160 enim
1463 3095 1605 3179 prolecto
1627 3093 1659 3158 in
1685 3094 1731 3160 his
1755 3093 1899 3161 sordibus

293 3205 450 3274 inmorari.

271 3305 277 3314 ¹
453 3319 554 3385 Homo
584 3317 735 3385 mirabilis
759 3316 861 3383 extitit
889 3317 1126 3384 Laurentius
1152 3316 1327 3400 Patami,
1367 3317 1421 3400 qni
1450 3317 1661 3402 panegyricos
1685 3317 1838 3385 Venetiae
1870 3341 1899 3384 a.

293 3429 487 3496 thCCVllI
508 3436 555 3512 at,
587 3430 615 3495 si
637 3430 742 3496 lamae
764 3428 844 3496 fides
867 3429 916 3496 bis
939 3435 1065 3514 postca,
1096 3430 1141 3493 ita
1163 3427 1340 3511 euolgauit,
1371 3436 1489 3493 utnon
1513 3429 1595 3494 male
1619 3429 1727 3496 italice
1751 3429 1899 3516 interpre-

294 3549 378 3607 tatus
401 3541 443 3608 ad
471 3539 681 3606 recensendos
711 3559 766 3606 eos
798 3539 959 3606 codicibus
990 3561 1026 3606 se
1057 3559 1148 3606 usum
1177 3559 1249 3607 esse
1279 3537 1473 3605 contenderit
1500 3539 1696 3606 Marciano
1725 3541 1845 3608 Veneto
1868 3550 1901 3609 et

293 3653 549 3719 Ambrosiano
572 3651 716 3734 singulis,
741 3652 945 3719 Vaticanis
968 3651 1078 3718 tribus.
1125 3651 1182 3718 sed
1207 3670 1276 3716 cum
1305 3657 1337 3717 et
1363 3650 1463 3717 uerba
1485 3657 1640 3716 oratorum
1664 3653 1899 3720 accuratissime

294 3769 326 3829 et
350 3763 380 3828 ui
403 3763 494 3830 fallor
515 3803 559 3814 -
582 3763 736 3830 curiosius
758 3763 841 3829 enirn
864 3765 1002 3829 animum
1025 3783 1087 3829 non
1111 3759 1233 3829 adnerti
1256 3801 1299 3812 —
1323 3762 1376 3830 uix
1391 3783 1452 3828 nno
1470 3764 1564 3829 uerbo
1581 3769 1700 3828 mutato
1715 3785 1755 3830 ex
1771 3765 1900 3848 uulgato

293 3875 400 3959 aliquo
423 3874 566 3961 exemplo
588 3874 748 3961 repetierit
770 3882 803 3942 et
824 3895 881 3959 per
902 3880 1000 3939 toturn
1023 3875 1178 3957 uolumen,
1203 3875 1330 3940 sirecte
1346 3873 1481 3958 memini,
1507 3872 1605 3940 semel
1620 3874 1765 3962 (Flumen.
1782 3895 1898 3960 paneg,

295 3983 479 4050 Constantio
502 3984 533 4050 d.
562 3991 613 4069 18,
638 3986 673 4073 2)
696 3985 815 4054 codicis
838 3986 970 4052 alicuius
993 3986 1182 4052 mentionem
1206 3985 1357 4069 iniecerit,
1380 3985 1534 4069 barbaris,
1558 3992 1592 4050 ut
1614 3986 1680 4052 iere
1696 3987 1796 4052 solent
1819 3986 1898 4069 ltali,

293 4094 387 4161 etiam
413 4094 495 4162 hanc
517 4097 709 4182 pmuiuoiam
733 4097 979 4183 expugnandam
1002 4097 1166 4181 reliquisse
1190 4096 1323 4162 uidetur.
1349 4133 1392 4144 -
1416 4103 1553 4163 ceterum
1577 4097 1610 4162 iu
1633 4096 1822 4164 bibliotheca
1837 4099 1899 4164 Va-

291 4207 397 4274 ticana
419 4207 491 4274 olim
522 4209 658 4276 amioum
682 4209 891 4294 Capitolinum
922 4209 1030 4276 nascio
1050 4227 1153 4293 quem
1185 4207 1260 4273 nihil
1290 4208 1418 4274 saeculo
1448 4208 1556 4292 quinto
1587 4207 1709 4274 decimo
1740 4209 1898 4294 antiquius

293 4317 422 4404 reperiri
444 4319 520 4385 milri
543 4320 700 4387 affirmare
724 4320 860 4387 memini.
1487 4321 1491 4326 ’

451 4431 568 4498 Verum
591 4451 669 4518 prae
692 4431 854 4498 codicibus
877 4432 947 4516 illis,
973 4433 1027 4516 qui
1049 4431 1273 4498 recentioribus
1296 4431 1490 4517 placuerunt,
1514 4432 1625 4498 mirum
1641 4439 1792 4516 qnantum
1808 4454 1898 4518 prae-

292 4541 421 4608 stabant
442 4561 520 4626 quos
544 4544 736 4629 antiquiores
759 4543 952 4610 adhibebant
977 4563 1047 4610 curn
1071 4544 1125 4610 alii
1148 4551 1211 4611 turn
1235 4544 1403 4610 Ioannes
1426 4543 1630 4610 Liuineius
1654 4543 1834 4610 Gantansis.
1869 4545 1898 4611 is

292 4654 384 4738 enim,
402 4659 437 4718 nt
449 4661 518 4720 erat
529 4655 621 4722 homo
636 4655 838 4723 doctissimus
848 4655 996 4740 idemque
1012 4656 1223 4742 acutissimus,
1239 4677 1301 4722 non
1317 4657 1417 4723 solum
1434 4655 1559 4722 codices
1575 4675 1650 4722 suos
1665 4655 1898 4739 sapientissime

293 4765 333 4830 ad
355 4766 551 4832 restituenda
573 4775 727 4834 oratorum
751 4770 851 4834 uerba
874 4767 1016 4834 adhibuit
1039 4767 1096 4835 sed
1120 4768 1216 4834 ctiam
1238 4769 1417 4834 innumeros
1437 4767 1522 4833 locos
1545 4765 1728 4833 felicissima
1750 4773 1782 4832 et
1804 4769 1898 4852 plane

291 4877 423 4962 egregia
438 4885 505 4945 arte
522 4878 712 4946 emendauit.
752 4881 899 4947 utebatur
922 4885 1026 4947 autem
1043 4879 1175 4966 primurn
1192 4879 1318 4965 quidem
1335 4879 1521 4964 aliquotiens
1539 4917 1580 4928 -
1597 4879 1791 4964 frequentem
1815 4882 1898 4946 enim

292 4991 481 5058 mentionem
504 4991 536 5057 in
559 4993 782 5059 commentario
805 4991 873 5058 eius
897 5011 959 5058 non
981 4993 1125 5058 inuenies
1150 5031 1192 5042 -
1215 4993 1415 5059 ueteribus
1438 4991 1610 5076 schedis,
1635 5011 1714 5077 quas
1738 4991 1899 5060 Carolus

1706 5119 1783 5176 1⁸.
