4350 5326
1085 291 1114 376 8

1018 399 1179 412 1.-

289 513 414 588 raoda'5
437 509 603 592 requiritur
625 509 709 574 euim
734 516 767 572 ut
788 508 998 592 Triptolemus
1022 507 1072 584 sic
1096 502 1140 575 rei
1164 504 1319 593 τυχόντα
1334 510 1444 592 πεδία,
1468 516 1502 574 ut
1517 508 1679 576 Liuineius
1703 509 1757 592 ait,
1782 503 1904 580 semina

290 621 446 704 sparsisse
470 619 603 686 dicatur.
649 619 744 684 miror
765 619 943 684 Liuineium
967 627 1073 686 nostro
1101 619 1170 684 loco
1193 621 1451 684 cuicuimodi
1471 620 1688 704 proposuisse,
1722 640 1793 686 eum
1816 623 1901 706 apud

288 731 435 796 Latinum
459 732 610 796 Pacatum
635 730 680 816 (9,
705 729 757 818 4),
790 729 842 794 ubi
872 729 951 794 haec
973 730 1007 795 in
1029 729 1117 794 libris
1140 736 1214 794 sunt
1241 731 1333 794 audio
1358 734 1448 794 aiom
1468 735 1633 816 imperator
1656 743 1681 797 et
1704 734 1792 798 credo
1815 755 1903 820 saepo

289 843 393 927 aliqua
415 854 441 906 tc
463 843 599 908 laborem
628 842 685 905 rite
713 843 876 906 ieiunasse
908 854 951 923 et,
981 863 1018 906 ae
1048 842 1231 906 contraheres
1262 845 1394 925 corporea
1423 855 1593 924 naamam,
1623 847 1906 914 cuiuscemodi

287 974 401 1038 serrprer
424 975 509 1038 opere
538 955 709 1018 insidiarum
736 955 791 1018 otii
815 956 926 1017 taceare
956 953 1135 1038 robrpinem,
1168 950 1342 1018 rectissime
1373 951 1554 1036 scripsisset
1582 959 1899 1039 cuiusquemodi.

289 1062 422 1128 conferri
458 1063 550 1128 iubeo
581 1083 609 1128 s1
636 1063 713 1128 tanti
744 1071 793 1128 est
823 1061 1010 1127 Ammiani
1047 1061 1269 1128 Marcellini
1299 1063 1422 1153 XXVll
1449 1069 1508 1146 10,
1540 1069 1560 1130 2
1593 1065 1671 1131 haec
1703 1078 1728 1130 at
1758 1071 1901 1152 qnoniam

288 1197 358 1238 caan
374 1175 539 1240 Cltrrirtt'ani
551 1178 627 1238 rana
650 1175 922 1238 atramentareis
941 1176 1166 1238 sollemnitatem
1181 1176 1394 1260 impraepedite
1418 1179 1612 1260 caiusque
1634 1178 1742 1240 modi
1752 1179 1899 1262 joannae

287 1287 376 1350 ar²rr¹le
406 1297 431 1349 et
461 1287 603 1350 muliebre
632 1307 718 1349 secra
826 1286 961 1350 aldani.
1007 1283 1117 1350 laudat
1146 1284 1189 1348 ibi
1214 1285 1391 1368 Wagnerus
1414 1285 1509 1352 XXX
1532 1292 1572 1370 4,
1604 1309 1674 1373 opes
1706 1292 1900 1374 cuiusque

287 1398 397 1460 arodi
407 1397 555 1481 ferrariae
577 1401 719 1461 recreantes
741 1404 773 1462 et
795 1396 975 1478 xxxiia,
996 1401 1037 1465 10
1060 1399 1252 1480 carasque
1274 1399 1383 1461 arodi
1402 1399 1474 1463 tela:
1497 1397 1542 1463 ita
1565 1397 1647 1464 enim
1673 1407 1757 1464 recte
1773 1400 1900 1484 scripsit

286 1504 442 1572 Henrieus
464 1505 610 1573 Valesius
633 1528 689 1591 pro
713 1528 751 1572 eo
775 1507 858 1590 quod
880 1506 948 1571 libri
973 1506 1100 1589 lrabeat,
1125 1513 1209 1572 certe
1234 1505 1351 1573 habere
1374 1506 1521 1572 uidentur
1542 1511 1662 1574 huiusce
1684 1513 1780 1576 arcodi.
1813 1511 1898 1578 idem

287 1616 514 1682 restituendum
537 1625 586 1684 est
609 1618 823 1702 Macrobio,
849 1617 937 1683 ouius
960 1616 1001 1682 de
1024 1617 1159 1684 Saturno
1184 1618 1279 1683 uerba
1308 1617 1569 1704 (saturnaliorum
1592 1621 1607 1684 1
1632 1625 1665 1704 7,
1693 1624 1754 1702 25)
1777 1621 1823 1686 ita
1845 1641 1899 1686 ex·

288 1726 374 1793 hibet
394 1728 494 1794 codex
516 1729 709 1795 Pithoeanus
731 1732 801 1794 leuia
823 1732 877 1794 deo
899 1731 1069 1794 sasernae
1083 1730 1273 1793 sarcalmam
1290 1752 1507 1815 praetorumque
1523 1735 1709 1797 educatores
1725 1744 1749 1796 cl
1764 1736 1899 1796 orariam

287 1841 718 1906 cuioaccmodiasloaar
740 1840 899 1927 (aprima
922 1859 1016 1904 uranu
1039 1838 1097 1904 fait
1119 1839 1302 1922 tribuantur)
1326 1843 1518 1926 decerpimus:
1542 1843 1740 1912 scribendum
1764 1848 1898 1908 caius-

287 1973 359 2036 que
380 1953 502 2032 modi,
524 1970 586 2016 non
607 1954 728 2016 huiusce
749 1953 842 2032 arcodi,
871 1950 952 2032 quod
978 1950 1009 2014 in
1032 1951 1111 2016 libro
1134 1949 1362 2038 Bambergensi
1387 1957 1451 2032 est,
1481 1971 1551 2016 cum
1575 1951 1702 2018 Saturni
1726 1974 1832 2018 curam
1856 1953 1898 2020 ad

286 2082 395 2128 omues
418 2063 537 2128 fructus
559 2063 716 2146 pertinere
739 2063 771 2127 iu
795 2071 905 2148 aperto
928 2062 969 2127 sit
992 2061 1190 2144 of.ib.110,
1218 2065 1259 2130 19
1282 2061 1387 2145 ‘quod
1404 2063 1556 2130 Saturnus
1580 2064 1709 2147 eiusque
1734 2083 1811 2129 uxor
1833 2073 1897 2131 tam

232 2179 236 2186 '
287 2172 410 2256 frugum
435 2193 528 2256 quam
554 2174 708 2238 fruetuum
739 2179 914 2258 repertores
943 2195 1015 2239 esse
1044 2168 1234 2239 credantur.
1281 2173 1395 2238 similia
1424 2181 1497 2240 sunt
1520 2194 1601 2257 quae
1626 2176 1776 2240 Macrobii
1800 2177 1895 2241 Prae·

287 2291 424 2350 testatus
448 2304 488 2351 ex
510 2284 576 2350 iure
599 2285 768 2370 Papiriano
792 2284 901 2350 laudat
924 2285 1003 2350 hacc
1034 2286 1093 2370 (lll
1118 2290 1169 2366 11,
1193 2286 1228 2367 6)
1256 2297 1430 2349 ornamento
1459 2307 1529 2348 aero
1557 2298 1626 2348 aaut
1657 2289 1746 2372 altirei
1773 2309 1897 2352 coronae

288 2407 314 2458 et
336 2397 529 2480 caiusque
558 2399 668 2461 modi
688 2399 830 2462 domama.
883 2396 930 2462 ita
952 2396 1034 2461 enim
1057 2394 1256 2461 scribendum
1280 2403 1330 2460 est
1351 2415 1407 2478 pra
1431 2415 1468 2460 eo
1491 2395 1576 2478 quod
1599 2395 1679 2462 liber
1702 2396 1895 2464 Pithoeanus

288 2505 383 2571 habet
406 2510 606 2571 mimceraodi
627 2543 670 2556 -
692 2507 809 2572 fallitur
832 2515 936 2573 autem
961 2505 1000 2572 de
1024 2527 1062 2574 eo
1086 2506 1190 2572 lanius
1213 2545 1267 2590 -,
1292 2506 1324 2571 in
1348 2506 1574 2588 Bambergensi
1598 2517 1647 2574 est
1668 2511 1881 2575 haimceomdi.

446 2617 655 2684 Eumenius
678 2638 734 2702 pro
757 2618 886 2683 instaur.
911 2618 1025 2684 scholis
1050 2623 1085 2700 7,
1111 2623 1130 2686 3
1154 2621 1257 2684 aedem
1284 2618 1384 2702 iuquit
1418 2619 1555 2682 [lerata
1578 2622 1739 2686 Marmara
1759 2625 1793 2685 io
1815 2625 1895 2686 eirca

286 2730 439 2794 Flamcirio
463 2729 593 2794 Fatales
614 2731 664 2794 ille
687 2728 828 2794 Nobilior
850 2752 886 2794 ae
902 2734 1036 2816 pecunia
1063 2735 1194 2795 caserta
1213 2731 1290 2816 fecit
1311 2755 1372 2796 aaa
1399 2733 1434 2796 ia
1460 2732 1547 2796 ruodo
1570 2744 1685 2796 scaram
1707 2735 1812 2817 qaod
1833 2737 1895 2818 epae

286 2841 390 2906 lrltera'a
412 2852 438 2904 et
459 2844 571 2905 maarai
585 2852 692 2927 poetae
714 2843 847 2905 arrcc'cr'tr'a
869 2843 1043 2923 duceretur,
1072 2845 1124 2906 ced
1147 2845 1227 2927 prod
1250 2847 1283 2905 a'a
1300 2842 1430 2910 Graecia
1452 2865 1520 2906 cara
1543 2855 1612 2908 esset
1625 2845 1789 2928 imperator
1811 2866 1893 2907 acce-

279 2964 370 3039 perat
392 2953 552 3018 Heracleas
574 2953 748 3035 Mampeten
774 2975 830 3017 ease
852 2955 888 3016 e’d
911 2965 950 3018 act
972 2955 1106 3018 comete-m
1127 2955 1289 3038 decempae
1312 2955 1483 3033 ulmeam,
1506 2955 1642 3036 aliamque
1651 2958 1773 3037 munuca
1787 2975 1894 3016 neaera

284 3068 371 3150 sipara
392 3065 461 3127 lroc
483 3076 538 3128 eut
559 3067 734 3128 aceniam
757 3064 956 3131 Camenarum
978 3088 1014 3129 aa
1036 3065 1246 3130 Ambraciotam
1266 3067 1378 3150 oppido
1400 3065 1547 3126 translata
1568 3062 1620 3126 aab
1635 3064 1727 3126 tutela
1731 3059 1895 3146 semicana

284 3178 418 3240 narniam
440 3179 632 3239 mamaea.
677 3193 734 3260 pro
758 3178 862 3261 qaod
884 3175 1099 3260 rescripserim
1122 3199 1213 3261 pao,
1236 3173 1347 3241 sedin
1372 3181 1481 3258 aperto
1505 3193 1577 3240 esse
1601 3173 1682 3238 duco
1705 3173 1803 3238 uerba
1824 3173 1893 3237 loc

286 3298 340 3352 est
362 3289 535 3350 amatum
557 3305 578 3350 a
599 3285 725 3351 librario
749 3284 831 3351 male
856 3285 980 3352 adiecta
1004 3307 1087 3353 esse.
1133 3293 1272 3352 ceterum
1288 3306 1350 3352 uon
1364 3292 1450 3351 recte
1465 3283 1684 3350 intellexeruut
1706 3283 1891 3350 Eumerrium

284 3404 316 3462 et
339 3397 399 3462 hoc
422 3396 491 3462 loeo
514 3395 679 3462 Acidaliae
704 3399 806 3462 aedem
830 3398 967 3462 Herculis
990 3409 1022 3463 et
1046 3399 1208 3462 Maeuiam
1229 3395 1294 3479 legi
1326 3395 1437 3462 iubens
1461 3402 1597 3478 atquae
1622 3397 1726 3480 paullo
1749 3403 1821 3480 post
1843 3415 1892 3460 se·

285 3513 395 3572 cunuur
419 3505 463 3592 (8,
481 3505 517 3590 3)
533 3554 541 3571 ·
560 3553 569 3571 .
585 3531 653 3571 caru
674 3509 716 3572 ad
739 3512 894 3594 antiquam
908 3510 1085 3593 fircer‘tatem
1108 3510 1276 3594 aaamqm
1297 3520 1439 3593 reparata
1453 3511 1490 3572 ait
1512 3507 1593 3594 (scil.
1611 3507 1719 3574 schola
1735 3507 1891 3588 Augusto-

285 3617 458 3704 dunensis),
483 3621 575 3682 molto
598 3619 662 3682 laic
684 3617 858 3704 (Liuineius
881 3626 965 3685 recte
980 3618 1204 3702 interpretatur
1218 3617 1513 3704 Augustoduni)
1537 3623 1642 3684 iamiar
1657 3629 1683 3682 et
1697 3621 1798 3684 aetas
1811 3641 1891 3682 aaa·

284 3742 407 3815 cupetur
429 3729 516 3794 aaa
539 3729 676 3794 Herculea
698 3742 814 3815 atque
837 3733 999 3796 lilasoram
1027 3751 1098 3794 cum
1119 3727 1257 3810 Merula,
1288 3727 1339 3812 qui
1373 3729 1557 3814 particulam
1585 3742 1701 3814 atqua
1731 3727 1890 3811 expunxit,

284 3848 348 3907 tum
373 3840 533 3906 Beckerus
556 3839 784 3926 topographiae
809 3843 968 3906 Romanae
993 3841 1052 3924 lp.
1070 3845 1135 3910 613
1153 3890 1160 3905 .
1178 3890 1186 3906 .
1203 3889 1211 3905 .
1228 3843 1298 3906 dass
1320 3865 1392 3907 cruca
1407 3843 1544 3925 arautem
1562 3839 1680 3906 aedes
1704 3837 1890 3904 Herculis

285 3991 327 4002 -
351 3952 546 4017 Musarum
569 3953 693 4016 adtraat
707 3953 780 4017 adar
795 3956 850 4016 aaa
865 3953 1032 4017 anaear'ae
1052 3953 1115 4016 cluat
1130 4002 1138 4017 .
1156 4001 1164 4017 .
1182 3952 1361 4018 Herculis
1385 3959 1500 4035 atque
1525 3951 1728 4016 Musarum.
1768 3949 1891 4012 facetus

284 4064 369 4129 enim
392 4063 562 4129 Eumenius
585 4062 643 4128 sibi
668 4063 834 4128 urebatur
856 4083 927 4130 oum
950 4063 1069 4129 diceret
1092 4067 1229 4128 Romae
1254 4061 1352 4128 aedes
1376 4081 1447 4127 csse
1465 4063 1602 4128 Herculis
1618 4064 1778 4126 Marmara
1801 4057 1890 4122 ducis

284 4183 316 4240 et
338 4176 476 4259 patroni,
500 4173 779 4257 Augustuduni
801 4181 933 4258 utraque
957 4175 1088 4240 numina
1107 4175 1175 4259 pari
1199 4173 1386 4250 auctoritate
1410 4175 1526 4240 cultum
1550 4173 1597 4256 iri,
1623 4171 1681 4236 hoc
1704 4178 1755 4234 est
1777 4168 1890 4234 aedem

284 4285 350 4350 sore
375 4287 513 4351 Herculea
535 4297 622 4372 osque
645 4285 815 4350 Musarum.

444 4396 588 4462 Eumenii
611 4395 760 4462 orationis
790 4395 849 4461 hoa
878 4403 926 4462 est
958 4407 1175 4480 argumentum
1207 4396 1291 4480 quod
1320 4400 1467 4462 celatam
1491 4444 1526 4461 ..
1557 4399 1592 4461 io
1613 4400 1741 4462 marma
1770 4399 1891 4462 oolibae

283 4530 441 4572 rammam
462 4508 529 4594 (ll,
548 4508 582 4596 2)
606 4529 627 4574 a
647 4507 889 4573 ‘liberalissimis
913 4504 1120 4592 principibus'
1145 4517 1308 4593 acceptum
1333 4509 1453 4574 ciuitati
1468 4509 1746 4590 Augustodunensi
1763 4528 1803 4574 ea
1818 4509 1889 4589 lege

284 4639 319 4686 se
342 4617 527 4684 donaturum
551 4618 712 4703 pollicetur
734 4625 768 4682 ut
790 4619 900 4685 schola
922 4618 1048 4703 publiea
1069 4620 1258 4686 restituatur.
1284 4659 1327 4670 —-
1350 4626 1487 4685 ceterum
1511 4640 1573 4685 non
1589 4628 1637 4685 est
1659 4619 1741 4702 quod
1759 4625 1814 4682 aut
1831 4617 1890 4682 Ca·

284 4731 442 4796 saubouus
466 4729 521 4817 (ad
545 4729 673 4796 Sueton.
698 4729 770 4796 Oth.
795 4730 831 4817 4)
854 4731 945 4796 nimis
969 4730 1117 4813 amplum.
1131 4730 1190 4796 hoe
1212 4729 1437 4814 ‘professorum
1453 4724 1615 4796 salarium'
1639 4731 1737 4796 luisse
1761 4747 1889 4814 persua-

284 4839 358 4906 deat
381 4848 436 4906 aut
459 4841 550 4907 hodie
574 4840 686 4924 aliquis
709 4839 851 4906 rhetoras
875 4840 1051 4924 quindecim
1082 4842 1168 4907 milia
1196 4862 1359 4908 aureorum
1388 4841 1442 4929 (cf.
1466 4841 1579 4906 Aloiati
1610 4860 1747 4924 parerga
1768 4841 1801 4904 in
1824 4839 1889 4905 edi-

284 4951 367 5021 tione
383 4953 416 5017 iu
433 4973 478 5018 us.
496 4953 610 5037 Delplr.
627 4951 770 5036 laudata)
786 4952 949 5037 accepisse
974 4972 1044 5017 eum
1060 4952 1180 5020 inuidia
1195 4952 1297 5037 legat:
1321 4973 1361 5020 ea
1376 4954 1458 5020 enim
1476 4959 1580 5020 aetate
1597 4971 1738 5017 nummos
1754 4950 1890 5016 intrusae
