4350 5326
1059 274 1219 397 nc*

339 497 439 558 turam
464 508 536 556 esse
560 529 602 540 -
626 509 718 555 nemo
741 487 854 554 elicere
881 488 992 573 potnit.
1038 488 1145 572 itnqne
1173 487 1307 572 primum
1335 493 1423 571 patet
1450 493 1539 576 quasi
1565 488 1651 554 nihili
1681 507 1768 556 esse:
1806 490 1834 556 si
1859 489 1944 555 enim

334 601 376 666 ad
398 599 612 667 excusandum
637 600 767 666 uerbum
800 599 947 686 reserarat
977 598 1010 664 in
1039 619 1072 664 re
1095 599 1250 665 translata
1279 605 1461 682 usurpatum
1490 600 1674 686 pertineret,
1708 598 1826 666 dictum
1857 605 1944 666 esset

333 717 383 778 irc
406 715 495 798 quusi
514 711 670 797 referatur.
710 716 794 775 recte
818 709 914 792 igitur
936 709 1107 775 erennnus
1130 727 1186 792 pro
1210 713 1298 794 ponci
1318 709 1444 794 scripsit
1466 715 1616 798 quamam
1663 709 1778 778 deinde
1802 709 1943 792 bangius

333 825 414 888 bene
437 842 494 908 pro
518 835 603 908 copas
624 834 657 886 ut
680 819 807 905 scripsit
830 843 981 906 ecpomnr.
1027 825 1127 886 restat
1155 823 1350 906 concaptus
1375 839 1396 885 a
1423 823 1537 888 ceteris
1565 829 1723 889 seruatum
1753 819 1808 886 tali
1837 819 1944 904 eliqua

334 934 444 1018 opinor
466 933 623 999 sententia
645 936 792 996 rationem
813 932 934 1013 babere,
957 922 1092 1017 pecore.
1138 929 1320 1015 simpliciter
1347 930 1546 998 scribendum
1574 932 1700 1000 uidetur
1728 933 1942 1013 commendare,

333 1051 367 1110 ut
389 1042 469 1110 haec
498 1043 540 1108 sit
561 1049 629 1108 lota
650 1041 809 1108 sententia
832 1045 930 1108 minuc
963 1043 1239 1107 courmeadore
1269 1065 1458 1128 coquntur
1487 1043 1674 1128 quu'muc's
1702 1047 1751 1108 ira
1773 1041 1926 1128 efferbeat.

473 1153 616 1220 Eumenii
630 1153 800 1237 gratiarum
814 1149 1250 1234 actionisConstantinoAug.
1259 1152 1724 1236 Augustoduuensiumfnornine
1736 1152 1864 1218 babilae
1877 1157 1906 1236 2,
1920 1157 1941 1220 2

329 1269 468 1352 primm
491 1278 530 1330 eet
554 1277 662 1345 aaran,
685 1267 880 1330 summanum
902 1267 1074 1350 imperator,
1097 1266 1130 1327 ris
1153 1263 1277 1348 aponus
1298 1267 1404 1350 pratici
1426 1265 1592 1346 ostendere,
1619 1265 1653 1328 t‘d
1681 1266 1762 1350 quod
1788 1265 1942 1328 indultam
1987 1341 1992 1352 Ι

333 1381 372 1442 sit
392 1401 454 1441 non
467 1376 616 1462 sanctiue
629 1376 787 1462 solicitata
808 1377 861 1439 sed
882 1378 977 1440 iustos
990 1373 1088 1459 finem
1111 1375 1289 1438 elmerus.
1333 1397 1407 1438 anm
1428 1397 1496 1440 mnu
1523 1395 1622 1440 omues
1644 1376 1775 1439 lwnsiaes
1806 1397 1942 1438 coram

334 1509 411 1552 nou
440 1489 675 1574 indigentes
705 1489 813 1550 vitame
834 1487 906 1550 boui
925 1489 962 1550 sr't
979 1487 1141 1571 ptampc'a,
1163 1495 1228 1548 tum
1244 1489 1409 1571 puaom'pme
1429 1487 1499 1552 bene
1521 1487 1634 1550 medab
1656 1489 1830 1570 affluenter
1844 1485 1940 1570 afflie-

331 1601 369 1662 tr‘s
391 1598 450 1684 (ita
472 1603 558 1663 recte
582 1617 638 1682 pro
662 1597 772 1684 affecto
795 1595 955 1662 Liuineius
979 1594 1103 1663 conlato
1131 1595 1199 1660 loco
1228 1595 1291 1659 alio
1313 1595 1365 1679 qui
1389 1603 1439 1663 est
1460 1603 1491 1680 5,
1519 1604 1534 1665 1
1559 1595 1634 1661 ‘dixi
1658 1613 1750 1679 qnam
1775 1595 1855 1662 bene
1878 1615 1941 1662 rne-

331 1708 399 1774 ritis
422 1707 541 1774 Aeduis
564 1707 763 1790 subticueris,
793 1707 976 1792 imperator:
1012 1705 1153 1788 seqnitur
1174 1712 1208 1769 nt
1230 1704 1333 1770 dicam
1357 1725 1451 1790 quam
1475 1707 1615 1791 grauiter
1643 1701 1842 1791 afflictis')
1870 1707 1939 1771 sub-

332 1823 434 1884 uenire
455 1823 596 1905 sapiens
620 1831 668 1883 cst.
713 1818 744 1882 in
769 1817 911 1882 omnibus
933 1816 1021 1882 libris
1044 1835 1115 1881 esse
1139 1837 1240 1879 mum
1269 1823 1402 1882 testatur
1428 1817 1589 1884 Liuineius
1613 1817 1807 1901 coniecitqne
1829 1821 1940 1904 penta,

335 1928 419 2014 quod
443 1928 495 1994 uix
518 1929 661 2012 cuiquam
684 1927 838 2012 probabit.
897 1928 1048 1994 Gruterus
1076 1945 1177 2009 aeque
1206 1925 1370 1994 infeliciter
1403 1927 1624 2015 suspicabatur
1651 1931 1782 1994 nescires
1802 1929 1854 1993 sub
1877 1929 1940 1993 Rc·

333 2063 424 2105 mano
450 2044 577 2128 imperto
606 2042 750 2126 depensa.
795 2037 957 2104 Acidaliae
992 2059 1093 2102 coraus
1126 2037 1259 2104 mutauit
1292 2038 1325 2104 in
1360 2043 1448 2105 dmm
1482 2059 1543 2106 non
1573 2059 1691 2124 magne
1720 2039 1940 2124 probabilitate

335 2169 522 2235 quamquam
550 2169 646 2217 sensu
675 2149 849 2234 perspicuo.
897 2148 973 2214 mibi
1004 2171 1105 2214 coram
1134 2149 1251 2235 optime
1283 2150 1399 2216 habere
1429 2150 1566 2216 uidetur:
1598 2149 1744 2216 laudatur
1773 2148 1942 2235 imperator

333 2279 463 2327 coram
494 2279 568 2327 suos
597 2261 767 2344 udiuuans,
799 2261 881 2329 sicat
904 2259 1128 2326 Constantinus
1151 2259 1411 2344 Augustodunum
1435 2261 1504 2347 ipse
1528 2267 1659 2330 uenerat
1688 2260 1838 2345 multique
1869 2265 1942 2327 sunt

333 2381 474 2438 oratores
502 2371 598 2438 nostri
623 2372 653 2436 in
677 2370 846 2438 laudandis
874 2370 1067 2456 principibus
1095 2370 1148 2454 qui
1177 2379 1361 2455 praesentes
1390 2372 1456 2438 suis
1485 2372 1652 2438 subuenire
1679 2391 1741 2436 uon
1770 2379 1941 2455 grauentur

334 2483 375 2548 cf.
399 2482 441 2548 ib.
467 2486 496 2567 7,
521 2486 542 2552 ὃ
564 2483 637 2548 boni
651 2485 801 2569 piamine
824 2493 864 2546 est
886 2481 1010 2546 libenter·
1030 2505 1098 2546 snos
1118 2485 1223 2548 ardere
1237 2483 1349 2568 felices,
1371 2487 1423 2549 ssd
1445 2486 1725 2550 arduennense
1747 2487 1836 2548 stiam
1858 2483 1939 2548 lubo-

334 2607 443 2659 rentes.
482 2593 540 2660 sed
563 2593 760 2678 ineptissima
781 2599 855 2659 sunt
876 2593 975 2659 uerba
996 2617 1057 2658 non
1078 2596 1243 2680 radebantur
1262 2593 1522 2679 apertissimeque
1546 2594 1681 2680 produnt
1702 2594 1861 2660 librarium
1885 2594 1940 2659 ali·

336 2725 429 2790 quem
453 2704 530 2771 illud
546 2728 645 2771 mana
658 2708 789 2770 buccina
802 2723 860 2770 suo
883 2703 975 2770 modo
997 2703 1215 2788 explicantem.
1247 2704 1307 2770 huc
1329 2705 1425 2788 igitur
1440 2707 1547 2790 glossa
1563 2705 1669 2772 deleta
1683 2712 1802 2772 restant
1824 2704 1943 2791 optimu

333 2841 406 2881 nam
429 2839 498 2882 mm
520 2839 620 2884 omnes
640 2819 771 2884 hernicus
793 2839 895 2881 corum
916 2819 1024 2880 souare
1045 2820 1083 2880 sit
1104 2815 1176 2880 boui
1190 2819 1350 2903 princpes.

495 2927 541 2992 lb.
566 2934 596 3012 6,
621 2934 642 2997 3
665 2932 710 2992 ita
732 2929 883 3014 quidquid
906 2929 979 2992 olim
991 2929 1100 3012 Jiterat
1121 2927 1282 2992 tolerabilis
1301 2929 1361 2991 ccli
1380 2939 1432 2992 aar
1455 2939 1629 3013 comptum
1651 2941 1691 2991 est
1702 2926 1867 3012 paladibus
1889 2935 1941 2987 utut

334 3039 464 3104 senmbm
490 3041 678 3126 obprcdituns.
724 3042 797 3126 pacit
835 3043 923 3104 etiam
956 3041 1019 3126 apso
1054 3039 1106 3104 itte
1138 3061 1239 3124 papus
1270 3038 1456 3124 Arebrtpnua
1488 3040 1577 3102 abacti
1600 3037 1731 3122 sertas·
1758 3036 1939 3116 incidie,

334 3153 419 3214 curba
450 3153 491 3214 in
522 3174 598 3216 uno
621 3153 683 3216 loco
706 3155 815 3215 ctutum
837 3153 955 3214 mucra
973 3153 1137 3237 perspicia
1159 3163 1214 3215 cst:
1242 3161 1414 3216 austreno
1437 3162 1531 3215 odera
1551 3151 1638 3214 mlum
1660 3146 1833 3232 stropibus
1853 3148 1941 3210 iunco

331 3283 505 3326 securarum
526 3275 595 3326 sunt
618 3262 728 3327 edilia
750 3261 919 3326 baranum.
955 3260 1126 3326 Rhenanus
1149 3261 1284 3328 coniecit
1304 3285 1425 3326 manu
1444 3263 1594 3325 seritur·
1623 3259 1788 3340 inuida,
1818 3258 1851 3323 in
1873 3255 1939 3341 qui·

334 3371 392 3436 bns
415 3376 522 3436 amiur
545 3372 707 3455 egregium
731 3379 789 3454 est,
814 3379 919 3438 cetera
943 3391 1005 3438 non
1029 3379 1114 3436 recte
1139 3369 1382 3436 administrauit:
1406 3390 1468 3436 non
1489 3369 1572 3436 enim
1593 3368 1707 3436 dicitur
1729 3389 1809 3452 ager
1829 3387 1938 3454 purum

334 3480 502 3566 diligenter
517 3483 568 3549 uel
583 3483 676 3548 nimis
692 3502 787 3568 parce
803 3482 926 3549 conseri
941 3481 999 3548 sed
1023 3488 1226 3566 corruptus
1250 3473 1332 3547 ease}
1375 3481 1482 3565 itaque
1497 3485 1585 3547 iuuat
1606 3481 1813 3548 rectissimum
1836 3485 1886 3546 est
1906 3483 1940 3546 et

332 3611 389 3677 pro
412 3596 533 3658 inuidia
555 3593 781 3659 restituendum
814 3596 1040 3659 industria.
1087 3592 1202 3659 deinde
1224 3597 1259 3658 in
1280 3616 1341 3658 acc
1364 3595 1427 3658 loco
1454 3593 1486 3658 in
1509 3591 1688 3658 melioribus
1710 3591 1798 3658 libris
1821 3598 1872 3658 est
1893 3590 1938 3656 ni·

332 3702 453 3787 unisque
476 3704 634 3789 patienter
658 3724 678 3768 a
701 3703 858 3789 plerisque
883 3703 1061 3770 toleratum:
1084 3723 1191 3769 uerum
1214 3707 1289 3769 imo
1313 3706 1375 3769 loco
1398 3702 1514 3770 dudum
1538 3704 1658 3770 inuenit
1680 3701 1851 3769 Liuineius.

494 3813 538 3878 lb.
563 3819 593 3898 6,
620 3821 640 3882 6
662 3819 745 3900 apsac
767 3818 894 3902 dertr'que
915 3819 1035 3895 cincus,
1059 3837 1135 3900 quac
1161 3818 1313 3884 minuatur
1338 3821 1455 3903 apsari,
1484 3821 1528 3882 da
1554 3827 1695 3880 amate
1721 3825 1879 3880 sciscunt
1906 3825 1940 3878 nt

333 3927 482 3990 molturam
502 3927 566 3990 iant
576 3947 673 4012 paens
692 3949 753 3991 uon
766 3930 902 4020 saniant.
936 3929 1053 3992 cadmea
1076 3929 1154 3990 enim
1175 3929 1300 4008 saliam,
1323 3951 1453 4013 quorum
1474 3931 1539 3992 inm
1559 3930 1704 3992 amamus
1726 3937 1859 4006 actm,
1880 3927 1938 3988 nsi·

333 4037 384 4101 lios
405 4037 582 4122 replicando
604 4050 753 4122 coopertae
775 4039 964 4102 nlbludr'uem
986 4037 1116 4102 denam
1136 4037 1286 4102 amobibus
1308 4041 1468 4104 accludum
1495 4049 1521 4103 ct
1542 4041 1642 4124 apuam
1660 4039 1858 4124 pnopapr'nem
1878 4058 1940 4100 non

332 4147 508 4211 debitam
537 4151 609 4214 sed
639 4149 778 4213 obtectum
802 4151 937 4235 prr-odunt
963 4149 1106 4212 mabuinus
1138 4150 1295 4214 eluendam
1328 4163 1355 4215 et
1380 4152 1490 4216 solebas
1518 4151 1731 4236 pectenem
1781 4145 1940 4231 displicuit

334 4258 557 4343 interpretibus
585 4258 788 4326 uehementer
809 4283 949 4347 propapn
976 4283 1037 4326 non
1065 4261 1240 4324 dubitasset
1267 4261 1376 4326 cbtccm
1403 4262 1535 4345 aliisque
1564 4279 1604 4326 ex
1632 4260 1823 4343 glossemate
1852 4264 1937 4342 nata,

333 4369 403 4435 aliis
427 4369 628 4436 emendanda
651 4389 723 4437 esse
746 4369 921 4438 uidebatur.
960 4379 1128 4457 praeterea
1149 4390 1189 4436 ea
1212 4370 1243 4436 in
1267 4392 1301 4438 re
1324 4372 1529 4456 offenderunt,
1546 4370 1640 4454 idque
1654 4368 1839 4453 rectissimo,
1856 4369 1939 4453 quod

331 4499 473 4566 propage
506 4481 665 4547 obtecta
715 4481 843 4567 dicitur,
873 4503 943 4549 cum
972 4482 1077 4568 potius
1098 4481 1224 4548 radices
1252 4480 1375 4546 nudes
1402 4479 1501 4548 imbre
1525 4489 1558 4548 et
1579 4481 1644 4548 sole
1668 4478 1750 4546 affici
1774 4485 1937 4565 appareat.

332 4594 439 4677 itaque
455 4593 590 4659 Puteani
603 4597 803 4680 propaginem
825 4618 885 4660 nors
908 4596 1047 4660 obtcmcm
1068 4592 1271 4679 proponentis
1294 4592 1374 4658 baec
1397 4600 1447 4658 est
1469 4591 1630 4658 adnotatio
1652 4595 1676 4658 d
1697 4604 1764 4658 veut
1785 4593 1861 4672 dire,
1883 4612 1939 4677 pue

326 4729 410 4793 pour·
433 4729 463 4770 ce
484 4727 541 4791 pace
563 4703 622 4770 ἴση
643 4729 680 4770 ue
696 4711 823 4791 poucoit
834 4707 922 4792 satie
949 4709 990 4771 les
1009 4705 1107 4790 j'ossea
1129 4707 1180 4769 dcc
1203 4707 1304 4789 cipum
1319 4704 1498 4790 prosondes,
1526 4707 1566 4770 los
1584 4707 1709 4791 proviae
1728 4701 1863 4766 n's'tos'ont
1880 4723 1939 4789 pus

333 4840 412 4882 cases
435 4829 524 4882 coam
546 4819 623 4882 darre
645 4819 677 4882 lu
698 4829 789 4898 terre,
819 4820 900 4882 oium
920 4819 1024 4882 dotent
1040 4838 1168 4904 presque
1191 4817 1372 4898 dtoouosm,
1394 4819 1449 4902 pcc·
1470 4819 1537 4883 e'toit
1559 4839 1645 4882 casae
1667 4813 1753 4901 qu’c'ls
1774 4816 1878 4879 doinst
1899 4837 1939 4880 oa

331 4933 414 5018 pdtc's
436 4931 487 4995 des
510 4952 595 5012 cerac,
620 4949 659 4995 oc
681 4929 777 4996 brailes
799 4931 842 4994 dc
863 4931 954 4994 actm.
1002 4925 1162 4994 Arntzenii
1185 4965 1227 4975 -
1251 4926 1349 5011 patris
1373 4926 1483 5013 opinor
1506 4967 1547 4977 --
1571 4925 1779 4992 coniecturam
1802 4947 1863 4992 non
1886 4929 1937 4992 dc·
