4350 5326
1093 281 1148 368 22

318 501 449 566 machus
473 520 616 566 sermone
640 519 716 566 usus
740 507 788 566 est
811 519 873 565 uon
896 501 995 566 solum
1019 501 1222 586 panegyricis
1249 500 1377 583 reliquis
1400 501 1496 566 multo
1525 499 1650 568 meliore
1674 501 1731 568 sed
1755 503 1850 568 etiam
1874 521 1921 585 ec,

319 607 407 672 ouius
442 607 474 672 iu
506 609 648 694 epistulis
683 605 826 690 legendis
855 606 976 690 taedet,
1013 609 1117 694 paullo
1152 608 1370 674 tolerabiliore.
1416 617 1489 673 sunt
1516 615 1619 674 auteur
1648 617 1814 693 praeterea
1841 627 1922 692 quae

319 713 421 780 Maius
445 715 526 781 lclici
552 717 675 780 fortuna
696 715 815 780 inuenit
839 715 916 779 tauti
941 715 981 780 ad
1004 736 1055 780 res
1079 723 1188 798 gestas
1209 715 1417 780 Valentiniani
1440 717 1573 798 Augusti
1598 715 1837 800 cognoscendas
1860 735 1922 782 mo-

318 821 423 902 menti,
450 831 482 886 ut
505 823 611 906 multa,
637 843 765 906 quorum
789 821 891 888 tenuis
916 821 999 906 apud
1017 822 1174 887 Zosimum
1196 831 1227 888 et
1242 822 1439 888 Ammiauum
1456 824 1669 890 Marcellinum
1695 824 1805 890 notitia
1827 829 1922 906 extat,

318 926 390 992 hinc
413 928 536 994 denium
570 937 624 994 aut
647 930 761 994 clarius
785 929 964 1014 perspicere
993 937 1047 994 aut
1079 930 1241 996 utilissime
1271 931 1424 996 illustrare
1456 931 1576 1016 possis,
1613 933 1676 998 alia
1699 931 1739 996 ab
1769 931 1831 996 illis
1862 951 1923 996 non

318 1045 573 1119 commemorata,
598 1035 658 1100 nisi
683 1036 754 1100 hinc
778 1044 974 1120 constarent,
999 1057 1125 1122 prorsus
1149 1038 1321 1120 ignorares.
1357 1057 1417 1121 quo
1442 1059 1620 1122 exgenere
1645 1039 1721 1104 nihil
1744 1046 1793 1103 est
1816 1043 1924 1102 notatu

319 1140 447 1224 dignius
471 1162 563 1226 quam
588 1142 669 1225 quod
694 1161 773 1208 uuus
799 1143 856 1208 uisi
880 1144 971 1209 fallor
992 1145 1201 1229 Symmachus
1224 1144 1264 1210 de
1288 1153 1378 1230 portu
1401 1147 1433 1211 in
1456 1145 1583 1211 sinistra
1608 1145 1707 1211 Rheni
1732 1145 1801 1228 ripa
1825 1145 1924 1210 aVa·

317 1250 488 1314 leutiuiauo
512 1257 651 1315 extructo
674 1249 719 1314 ita
741 1250 879 1334 tradidit,
906 1259 938 1315 ut
960 1251 1051 1317 simul
1068 1251 1153 1316 haud
1175 1251 1363 1317 mediocrem
1386 1252 1425 1336 ci,
1450 1253 1510 1319 nisi
1532 1253 1584 1318 ubi
1601 1254 1822 1336 imperatorem
1847 1251 1922 1315 adu-

317 1357 413 1438 latur,
440 1355 532 1422 tidem
558 1356 735 1423 habendam
760 1377 831 1424 esse
855 1358 1031 1442 intellegas.
1079 1359 1159 1423 lraec
1182 1366 1255 1424 sunt
1277 1360 1408 1424 oratoris
1431 1359 1529 1425 norba
1552 1359 1702 1446 (laudium
1727 1361 1759 1424 in
1782 1357 1922 1424 Valenti·

318 1463 444 1528 niarium
468 1483 534 1530 seu.
559 1465 643 1549 Aug.
667 1466 695 1530 ll
720 1485 789 1550 cap.
815 1465 872 1549 21)
903 1489 974 1529 nona
1004 1488 1064 1552 para
1092 1469 1172 1552 repub
1196 1465 1377 1532 Neructeuarb
1407 1469 1589 1551 emendatur,
1618 1489 1762 1532 recusum
1782 1467 1923 1552 flaccinis

317 1594 473 1636 caurorum
496 1574 623 1637 cutbciua
644 1575 813 1637 vindicarit
832 1593 933 1657 paruo
957 1575 1041 1638 mictu
1064 1595 1118 1638 suec
1138 1578 1210 1638 amca
1232 1575 1339 1656 libero,
1361 1588 1394 1639 ut
1416 1580 1550 1640 murrona
1573 1579 1667 1641 aulus
1685 1575 1923 1661 propupuaculis

317 1679 445 1763 damper
463 1675 649 1764 proteguntur.
695 1680 798 1743 lrabeat
820 1702 875 1743 aru
898 1681 1140 1765 proclamatorie
1164 1694 1261 1745 cadro
1283 1695 1427 1748 rostratae
1449 1695 1475 1746 ct
1501 1687 1583 1772 c'utrc
1606 1681 1716 1764 (codex
1738 1685 1828 1762 intro)
1851 1704 1921 1746 con·

317 1786 401 1849 clauc
422 1786 522 1850 Rheni
538 1790 624 1871 raptu
648 1787 746 1850 clueas
768 1798 914 1850 merantur.
952 1787 1040 1871 selua
1064 1790 1176 1852 cutinus
1204 1793 1345 1854 intuentes
1375 1792 1521 1854 tlteatrum
1553 1802 1755 1875 concoeptum,
1779 1793 1833 1875 qui
1853 1811 1921 1854 cum

315 1893 439 1956 audeaut
457 1915 515 1978 per
536 1915 653 1957 musmo
676 1895 823 1976 uasere,
847 1915 903 1979 per
932 1898 996 1958 a‘nau
1027 1897 1158 1959 tractatu
1186 1900 1340 1982 aauipmi.
1385 1906 1449 1962 tarn
1474 1903 1619 1962 accurate
1644 1897 1723 1962 hacc
1746 1903 1921 1981 congruunt

317 2017 386 2063 cum
421 2000 543 2082 pictura
577 2006 684 2084 portua
713 1997 870 2064 Ostiensis
905 2001 935 2064 iu
968 2000 1077 2066 tabula
1104 2002 1348 2086 Peutingeriaua
1382 2004 1550 2092 (saginent.
1574 2006 1615 2088 V)
1650 2003 1852 2089 adumbrata,
1885 2011 1920 2069 ut

316 2105 536 2189 Symmachum
556 2107 731 2190 exemplum
748 2127 836 2172 suum
860 2127 921 2171 non
937 2107 1071 2173 oratorio
1095 2129 1179 2176 more
1202 2110 1378 2194 quaesiisse
1401 2111 1458 2178 sed
1479 2111 1634 2178 nemiuem
1658 2109 1920 2195 amphitheatrum

316 2232 386 2277 oum
411 2212 465 2277 tali
489 2221 579 2298 portu
607 2233 668 2278 uon
691 2220 941 2298 comparaturum
972 2215 1070 2282 fuisse
1102 2215 1157 2282 tibi
1180 2217 1385 2301 persuadeas.
1432 2225 1465 2284 et
1493 2218 1535 2285 de
1565 2219 1754 2284 membranis
1784 2218 1918 2302 quidem,

316 2339 356 2384 ex
379 2318 491 2402 quibus
514 2321 695 2406 Symmachi
720 2322 820 2387 uerba
841 2320 944 2387 medio
968 2323 1094 2390 sacculo
1118 2330 1207 2388 sexto
1230 2323 1349 2408 scripta
1370 2325 1465 2407 eruit,
1500 2345 1604 2410 pauca
1633 2345 1805 2410 parumque
1829 2345 1919 2392 accu-

315 2433 386 2490 rata
408 2427 538 2493 tradidit
561 2429 680 2513 Maius,
710 2428 742 2494 in
772 2427 990 2493 emendatione
1014 2447 1201 2512 quamquam
1224 2430 1395 2497 leuiuscula
1429 2432 1547 2514 aliquot
1577 2434 1681 2498 nenda
1712 2433 1836 2500 sustulit
1859 2454 1921 2499 uon

317 2533 445 2598 multum
469 2535 610 2618 proiecit.
656 2542 728 2620 post
760 2555 830 2600 eum
852 2533 951 2600 ‘uenit
974 2531 1092 2601 fortior'
1117 2537 1152 2601 L.
1176 2536 1213 2601 F.
1238 2537 1495 2605 Heindorfius
1519 2577 1562 2588 -
1585 2540 1654 2624 ipse
1677 2540 1760 2606 euim
1783 2540 1921 2606 Niebuh-

315 2638 380 2704 n'us
409 2659 512 2724 pauca
548 2643 676 2707 contulit
713 2681 756 2690 -
794 2639 883 2705 cuius
907 2643 1038 2726 egregia
1064 2645 1195 2710 inuenta
1228 2644 1355 2711 exhibet
1389 2644 1485 2712 editio
1508 2647 1675 2714 Frontonis
1698 2647 1920 2714 Berolinensis.

314 2765 418 2830 pauca
441 2753 473 2813 et
495 2769 597 2832 parua
619 2767 679 2832 ego
702 2745 852 2830 adiciam,
878 2747 903 2812 si
928 2749 1021 2814 modo
1043 2771 1077 2816 re
1100 2770 1177 2816 nera
1199 2751 1291 2818 homo
1314 2753 1450 2838 optimus
1472 2752 1502 2820 ‘e'
1523 2763 1633 2840 segete
1657 2755 1697 2821 ad
1722 2753 1919 2838 spicilegium

314 2853 439 2937 reliquit
462 2850 628 2940 stipulam'
1290 2925 1294 2938 ,

475 2961 630 3028 laudium
653 2961 685 3026 in
708 2959 963 3026 Valentinianum
987 2963 1163 3046 Angustam
1185 2966 1199 3029 I
1224 2971 1242 3034 7
1268 2966 1347 3032 haec
1369 2976 1443 3036 sunt
1466 2971 1564 3037 uerba
1587 2994 1654 3058 erpo
1676 2975 1709 3038 in
1733 2974 1810 3037 duca
1832 2994 1921 3037 error

315 3070 432 3134 diuidis
454 3071 533 3135 orlei
556 3069 706 3134 arcabica:
728 3072 874 3132 abachum
887 3069 1020 3155 jiotrem
1041 3074 1208 3156 relinquens
1230 3077 1346 3158 oe'enri,
1368 3080 1432 3162 ipae
1453 3101 1546 3164 surpra
1568 3083 1704 3166 inposui
1714 3081 1814 3146 Rheni
1833 3085 1920 3147 semi·

313 3175 457 3240 barbaras
478 3180 563 3263 rapas
585 3178 698 3261 raptim
719 3177 833 3239 cecilia
856 3181 1039 3262 conditerem,
1062 3192 1087 3243 et
1104 3185 1282 3264 puouciaoa'aa
1305 3185 1379 3250 lucau
1401 3189 1590 3273 superaturum
1620 3189 1783 3254 deditus
1813 3191 1920 3252 uae-h

313 3284 455 3367 ipnouioa
472 3285 593 3368 pudore
615 3281 784 3366 spendens,
801 3285 943 3369 prosopa
966 3298 1080 3351 creatus
1102 3289 1144 3352 ad
1166 3289 1321 3374 difficilem
1342 3297 1482 3359 meletium
1503 3297 1659 3360 receati.
1705 3293 1803 3378 siquis
1827 3312 1918 3358 uoca-

314 3389 419 3454 bulum
444 3390 518 3453 les-a
542 3388 682 3454 datiuum
708 3388 978 3473 interpretaretur,
1002 3411 1065 3457 nou
1087 3403 1171 3461 recte
1195 3395 1312 3462 dictum
1336 3406 1422 3465 esset
1443 3405 1644 3488 superiorum:
1679 3409 1711 3468 et
1739 3401 1820 3468 enim
1849 3419 1916 3485 pro

314 3494 438 3560 uinciae
472 3515 533 3559 non
564 3495 692 3560 deditae
724 3513 795 3560 esse
828 3503 973 3580 poterant
1007 3501 1090 3568 luxui
1119 3503 1312 3589 superiorum
1345 3507 1521 3593 principum
1552 3509 1610 3574 sed
1634 3509 1758 3575 omuino
1780 3507 1863 3574 luxui
1886 3509 1918 3571 et

314 3602 517 3687 superiore
553 3599 677 3684 quidem
713 3607 894 3686 tempore.
953 3607 1135 3691 simpliciter
1156 3611 1382 3677 restituendum
1406 3621 1480 3698 puto
1512 3620 1586 3683 lucu
1609 3621 1797 3703 superiorum
1822 3638 1917 3702 per-

314 3711 437 3790 ditas,
469 3707 655 3794 praesertim
687 3728 756 3772 cum
780 3711 904 3775 omnino
928 3712 980 3777 uix
1003 3713 1067 3779 ulls
1096 3716 1191 3782 fuerit
1212 3716 1413 3786 barbarorum
1442 3723 1582 3806 luxuria,
1612 3722 1670 3789 sed
1697 3723 1919 3808 imperatorum

314 3815 418 3900 potius
441 3815 644 3881 delicatorum
668 3819 762 3902 culpa
783 3817 964 3904 prouinciae
988 3821 1212 3892 amitterentur.

473 3920 628 3986 Laudium
644 3923 676 3988 in
692 3924 827 3992 eundem
844 3927 1010 3993 alterarum
1025 3949 1053 3994 c.
1076 3939 1114 4002 14
1131 3934 1339 4020 Symmachus
1362 3939 1489 4002 ohdudo
1511 3935 1611 4019 inquit
1628 3941 1779 4024 praepa
1800 3949 1918 4003 armus·

314 4049 370 4114 pue
386 4031 543 4116 prouidit,
576 4042 611 4094 ut
633 4043 658 4095 ct
679 4035 803 4098 illorum
835 4038 1054 4124 circumspectio
1077 4043 1239 4126 jhllcretur
1269 4049 1324 4132 qui
1343 4069 1498 4132 coequans
1531 4057 1625 4112 ruente
1653 4049 1751 4110 securi
1778 4058 1863 4128 sura,
1894 4058 1920 4110 ct

312 4146 480 4200 nostrorum
503 4139 622 4202 auinaue
643 4141 755 4225 irucper
781 4148 1037 4228 perueniret,
1067 4152 1123 4233 pa·
1143 4163 1210 4216 unte
1232 4155 1432 4218 solitudines
1445 4153 1584 4238 fiacr-mm
1623 4150 1824 4218 Heindorcus
1846 4171 1917 4217 sen-

312 4243 413 4308 tentia
436 4249 521 4310 recte
544 4251 712 4330 perspecta
734 4248 896 4332 proposuit
912 4268 1110 4340 permaneret,
1132 4258 1236 4342 paullo
1259 4260 1386 4345 propius
1410 4260 1453 4326 ad
1477 4281 1518 4328 ea
1532 4281 1613 4348 qnae
1636 4259 1753 4325 tradita
1771 4267 1844 4326 sunt
1866 4280 1918 4327 ao·

313 4348 405 4415 cedet
433 4364 701 4436 percuperet,
732 4352 813 4436 quod
837 4354 1060 4438 Symmachum
1083 4363 1202 4432 dixisse
1225 4368 1278 4433 uix
1300 4367 1431 4434 mireris.

473 4456 518 4521 lb.
545 4462 586 4528 18
608 4481 669 4524 aon
690 4461 810 4526 harena
831 4464 961 4528 tamara
982 4468 1099 4534 humere
1120 4478 1245 4560 accipio
1267 4497 1319 4541 uec
1340 4479 1460 4541 tordcbr
1480 4478 1563 4540 uhtu
1578 4498 1639 4564 per
1666 4477 1774 4541 uada
1797 4489 1917 4543 mucta-

311 4577 358 4630 taa
381 4577 430 4630 cst.
468 4567 590 4628 emera
612 4570 714 4630 omnia
735 4571 804 4632 aaa
825 4580 893 4632 aaut
907 4594 1000 4656 quum
1014 4577 1163 4662 jumne.-
1186 4582 1305 4646 Rhenus
1324 4583 1466 4667 placillus
1488 4603 1557 4646 arm
1580 4595 1732 4667 acaocrct,
1751 4597 1834 4650 tara
1855 4597 1917 4650 ctu·

311 4673 380 4740 bilc'a
401 4696 470 4739 cum
492 4673 658 4756 desecaret,
679 4678 749 4759 rupa
766 4677 893 4760 planior
912 4703 983 4748 eum
1005 4697 1135 4750 eumad.
1173 4689 1234 4752 his
1262 4691 1384 4752 uinctis
1407 4690 1575 4755 aestuabas
1596 4713 1657 4756 uon
1680 4693 1843 4778 obreptioui
1863 4695 1918 4755 uia

311 4794 477 4875 pacaretur,
498 4818 560 4862 cca
581 4791 751 4874 rqructincc
773 4788 861 4850 coedi
880 4790 1072 4860 mediorum.
1120 4799 1284 4884 apparit
1297 4796 1396 4882 scrire
1418 4809 1677 4883 praeacutus.
1715 4795 1818 4863 Maius
1841 4797 1916 4864 sori-

312 4895 373 4969 qsit
394 4902 479 4964 uada
502 4923 572 4970 eum
595 4902 628 4969 in
651 4901 773 4970 codiee
796 4891 957 4967 uideretur
977 4907 1082 4970 extare
1105 4905 1243 4970 adase.
1300 4903 1433 4972 tortasse
1459 4903 1674 4992 reponendum
1705 4909 1781 4972 uda
1807 4909 1916 4975 uada.
