4350 5326
969 328 1128 452 23..

246 563 303 628 pro
335 547 393 610 bis
422 545 560 630 procbue
595 553 645 612 est
678 545 833 630 suspicari
867 551 961 630 tais,
999 567 1068 613 curn
1099 549 1284 633 praesertim
1313 561 1325 612 t
1351 547 1565 633 praecederet.
1614 559 1666 614 'ex
1694 552 1889 634 apparit·

246 651 351 717 Maius
379 653 485 718 effecit
511 656 613 718 ltaod
637 656 763 740 placet
791 659 823 718 et
845 673 901 738 pro
925 668 1156 742 praeuectus
1185 665 1270 722 recte
1299 655 1425 740 scripsit
1448 668 1680 741 praecentor.
1718 654 1853 722 fortasse

246 757 279 822 in
302 758 454 825 uocabulo
479 772 622 846 corrupto
645 762 722 827 latet
745 784 869 847 opopa.

407 867 608 933 Incommode
630 875 703 933 sunt
725 887 807 950 qnae
829 867 977 950 leguntur
999 868 1032 934 in
1054 869 1199 935 leudibus
1223 869 1364 936 Gratiani
1387 867 1522 952 Augusti
1546 868 1595 956 (9)
1618 873 1685 954 quib
1706 871 1777 934 tace
1799 869 1852 934 aab
1921 911 1923 916 ι

246 985 272 1036 te
294 987 413 1060 neqorct
435 996 492 1040 esse
514 977 670 1058 credenda,
696 979 780 1039 cuius
800 978 1023 1042 indolescenda
1044 981 1108 1041 iam
1125 981 1273 1062 praestitit
1295 989 1322 1041 et
1343 978 1442 1041 adduc
1462 997 1527 1062 spes
1549 977 1670 1061 plora
1692 979 1851 1062 prorndtd.

246 1086 322 1163 puto
345 1079 543 1146 scribendum
568 1099 640 1148 esse
658 1085 806 1169 plor-oa:
836 1101 939 1164 neque
966 1084 1048 1148 enirn
1079 1069 1158 1169 spes
1179 1083 1336 1168 pluratiuo
1359 1103 1486 1149 numero
1509 1091 1659 1168 usurpata
1683 1083 1852 1166 quidquam

246 1185 343 1252 babet
365 1187 555 1254 offensionis.
602 1189 788 1275 panegyrici
811 1189 894 1255 enim
919 1209 989 1254 oum
1012 1189 1076 1254 alia
1098 1189 1296 1256 substantioe
1320 1210 1401 1272 quae
1425 1189 1586 1256 abstracta
1609 1197 1760 1255 uocantur
1782 1211 1850 1256 sae·

247 1293 375 1374 pissime
398 1294 443 1360 ita
466 1304 645 1381 posuerunt,
670 1307 735 1363 turn
757 1319 876 1382 spaera
899 1297 1013 1380 legitur
1037 1298 1121 1382 apud
1144 1298 1330 1364 Eunreniunr
1353 1317 1427 1382 pau.
1450 1297 1656 1362 Constantino
1679 1299 1717 1362 A.
1741 1296 1771 1361 d.
1800 1303 1849 1376 lo,

248 1403 284 1482 33
306 1424 371 1487 spes
392 1406 526 1468 uolucres
550 1403 644 1470 habet
666 1403 822 1472 Nazarius
846 1409 875 1488 2,
901 1410 939 1488 33
961 1405 1053 1469 boreos
1073 1428 1138 1490 apes
1160 1404 1365 1469 Mamertinus
1388 1410 1470 1487 grat.
1495 1411 1556 1470 act.
1580 1405 1638 1470 Iul.
1653 1403 1693 1470 A.
1717 1403 1748 1469 d.
1766 1408 1796 1487 8,
1813 1412 1850 1488 43

248 1509 351 1593 medas
372 1515 488 1576 statmo
510 1512 719 1578 Merobaudes
742 1533 837 1578 carm.
862 1519 893 1594 t,
918 1515 970 1580 37.
1004 1512 1043 1576 cf.
1068 1511 1159 1576 buius
1182 1511 1278 1576 libelli
1300 1529 1331 1595 p.
1358 1514 1388 1576 7.

406 1618 563 1684 Orationis
587 1638 642 1700 pro
659 1628 748 1702 patre
765 1619 891 1685 habitae
917 1625 1025 1704 capi
1049 1620 1089 1684 ab
1114 1617 1164 1684 bis
1187 1618 1291 1684 uerbis
1306 1617 1416 1701 incipit
1437 1621 1627 1704 petulanter·
1648 1621 1711 1700 ribi,
1734 1624 1851 1686 scaenis

245 1711 395 1810 Asparata,
423 1727 505 1810 quod
531 1729 653 1809 paterni
677 1749 823 1792 succemor
847 1727 952 1812 fuctus
979 1730 1114 1812 cooperti,
1148 1737 1289 1790 tontum
1320 1727 1415 1790 aeolos
1441 1727 1555 1790 codeces
1577 1733 1662 1811 quasi
1683 1729 1851 1792 hereditatis

247 1852 339 1894 onero
360 1834 534 1915 repudiasti.
580 1855 640 1897 non
662 1839 733 1900 scarb
754 1836 809 1900 tabi
829 1837 938 1900 idoneo
959 1834 1036 1900 bono
1058 1835 1114 1899 illo
1135 1837 1203 1898 arbo
1224 1844 1292 1897 sont
1315 1856 1383 1898 carm
1403 1835 1548 1897 mabsara
1577 1855 1617 1896 oc
1633 1837 1756 1918 primo
1780 1858 1849 1900 corr·

245 1939 454 2002 adtaminare
477 1939 649 2021 deliberare
672 1945 807 2024 adsidue,
828 1942 891 2027 uel)
914 1946 989 2006 doro
1004 1945 1148 2026 ceperitis
1171 1965 1210 2004 ort
1232 1941 1353 2026 reprobi
1374 1951 1459 2025 otqrre
1476 1943 1589 2004 ademi
1609 1962 1704 2004 errores
1719 1945 1850 2027 erenquc

245 2045 358 2107 saeculi
376 2048 575 2130 uinceretur,
597 2051 654 2130 uel,
678 2051 759 2134 qaod
780 2053 890 2134 optimo
906 2051 975 2132 filio
998 2049 1189 2132 conpressos,
1212 2049 1287 2112 dam
1303 2048 1412 2132 polam
1424 2047 1529 2132 jocare
1550 2049 1663 2128 dadas,
1685 2051 1850 2133 praeterito

247 2151 354 2213 delicto
371 2155 669 2240 permadefacta,
692 2179 752 2220 reon
774 2169 948 2242 torrqrorurn.
996 2175 1056 2220 non
1080 2153 1232 2219 indicauit
1255 2153 1358 2219 Maius
1389 2173 1444 2218 cur
1474 2152 1572 2219 uerba
1593 2176 1625 2217 ro
1653 2157 1779 2220 ode'dae
1801 2158 1850 2221 ael

246 2257 371 2323 uncinis·
392 2258 565 2326 incluserit:
589 2262 733 2329 uidentur
756 2271 862 2328 tamen
886 2263 926 2328 ab
950 2283 987 2329 co
1012 2283 1051 2329 ex
1074 2260 1252 2327 coniectura
1275 2259 1385 2326 addita
1407 2281 1489 2328 esse.
1536 2283 1572 2324 ac
1591 2264 1695 2346 pranso
1719 2282 1780 2327 non
1803 2263 1848 2328 in·

245 2364 411 2448 tellegitur‚
436 2368 636 2434 scribendum
652 2371 762 2454 opinor
785 2373 964 2456 adprime.
1003 2377 1169 2454 praeterea
1191 2369 1328 2453 ineptum
1346 2366 1426 2431 duco
1449 2379 1581 2432 tomara.-
1606 2368 1663 2433 boc
1680 2369 1762 2434 enirn
1779 2389 1849 2454 pro

246 2471 329 2536 fecto
344 2473 553 2558 Symmachus
577 2476 610 2540 in
626 2478 776 2544 Gratiano
800 2497 861 2542 non
885 2476 1035 2541 laudabat
1057 2475 1141 2559 quod
1164 2475 1246 2540 solor
1263 2473 1361 2539 malos
1377 2473 1497 2540 iudices
1513 2467 1733 2558 repudisue'rit,
1758 2476 1850 2558 quasi

245 2578 342 2644 etianr
365 2581 465 2647 bonos
487 2582 652 2667 repudiare
676 2585 839 2668 potuisset.
886 2584 1020 2648 sortasse
1044 2582 1244 2648 scribendum
1272 2584 1406 2646 rtatim.

406 2688 520 2754 Verum
543 2690 575 2754 in
599 2689 707 2756 codice
732 2691 937 2756 Ambrosiano
966 2697 1086 2756 restant
1112 2690 1173 2755 loci
1197 2688 1324 2773 quidam
1351 2695 1415 2753 tam
1439 2687 1520 2752 nrale
1545 2687 1658 2771 babiti,
1689 2696 1724 2754 ut
1746 2689 1848 2757 Maius

244 2814 305 2858 non
329 2793 470 2878 integras
494 2797 682 2880 sententias,
713 2797 770 2864 sed
801 2797 860 2863 nisi
889 2817 993 2882 pauca
1016 2799 1112 2864 uerba
1135 2798 1211 2863 nibil
1234 2797 1300 2862 fere
1323 2797 1431 2880 legere
1455 2794 1599 2880 potuerit.
1646 2793 1725 2861 haec
1751 2797 1850 2863 uerba

243 2899 276 2965 in
300 2901 472 2968 sententias
496 2902 641 2987 redigere
664 2905 818 2989 suppletis
841 2924 922 2988 quae
946 2913 1119 2990 temporum
1143 2904 1256 2969 iniuria
1277 2903 1451 2989 perierunt,
1481 2921 1542 2966 non
1565 2907 1696 2966 conatus
1719 2909 1768 2966 est
1790 2902 1848 2968 sed

244 3009 368 3092 punctis
395 3008 588 3093 interpositis
616 3010 742 3094 singula
772 3012 869 3076 uerba
897 3011 1090 3096 segregabit.
1136 3017 1168 3075 et
1197 3017 1304 3094 posset
1334 3009 1458 3092 quidem
1487 3008 1528 3074 de
1559 3008 1644 3074 hisce
1672 3008 1749 3074 locis
1778 3029 1848 3074 oum

244 3116 421 3182 accuratius
445 3117 540 3182 statui
563 3125 627 3182 tum
652 3118 798 3185 fidentius
822 3120 928 3201 aliqua
951 3125 1034 3184 certe
1050 3119 1231 3182 lacunarum
1251 3135 1325 3202 pars
1342 3116 1469 3200 expleri,
1494 3116 1520 3180 si
1545 3114 1648 3179 Maius
1672 3114 1712 3179 de
1735 3115 1848 3198 spatiis

242 3221 323 3288 inter
346 3223 471 3307 singula
493 3225 648 3291 uocabula
669 3227 787 3292 relictis
811 3225 981 3309 quidquam
1004 3222 1198 3292 adnotasset.
1238 3223 1313 3288 illud
1337 3223 1419 3290 enim
1443 3229 1474 3288 et
1498 3221 1573 3286 milri
1589 3240 1772 3306 persuasum
1798 3229 1848 3288 est

243 3335 275 3393 et
297 3331 368 3412 ipsa
390 3331 435 3396 rei
467 3341 580 3397 natura
606 3332 699 3398 docet
730 3353 792 3398 non
814 3339 877 3397 tam
902 3331 1048 3415 aequalia
1071 3351 1111 3397 ea
1133 3351 1204 3396 esse
1228 3350 1322 3413 quarn
1345 3351 1384 3396 ex
1407 3328 1483 3394 Maii
1506 3329 1630 3413 punctis
1653 3328 1752 3394 uideri
1775 3349 1847 3413 pos-

245 3435 317 3500 sint.
365 3437 456 3501 nimis
479 3438 561 3503 enirn
586 3439 726 3523 profecto
748 3439 890 3504 mirabile
913 3446 1007 3522 esset,
1033 3439 1061 3504 si
1084 3457 1206 3502 summa
1222 3436 1445 3520 aequabilitate
1466 3436 1498 3500 in
1521 3435 1633 3501 mediis
1657 3435 1846 3500 membranis

244 3543 311 3608 siue
335 3563 442 3610 umore
466 3545 657 3629 muscaria,
693 3547 761 3614 siue
784 3567 866 3631 quae
895 3546 953 3611 fuit
986 3546 1049 3611 alia
1072 3544 1237 3630 pernicies,
1261 3544 1335 3608 solia
1358 3543 1511 3627 rescripta
1533 3543 1739 3608 laborassent.
1786 3542 1846 3609 buc

244 3650 367 3717 accedit
389 3652 471 3735 quod
495 3671 578 3736 quae
601 3652 707 3718 insunt
730 3661 814 3718 certe
837 3653 869 3717 in
893 3672 954 3717 ono
978 3653 1029 3717 illo
1061 3652 1129 3717 loco
1152 3652 1199 3715 ita
1222 3658 1404 3734 comparata
1426 3650 1607 3732 uideantur,
1632 3656 1665 3713 ut
1688 3647 1728 3714 de
1752 3649 1846 3714 rebus

242 3764 306 3823 toto
329 3759 416 3824 caelo
439 3759 629 3826 distantibus
652 3767 804 3826 oratorem
829 3759 947 3826 dixisse
971 3760 1003 3824 iu
1027 3765 1136 3843 aperto
1159 3759 1209 3842 sit,
1235 3777 1315 3841 quae
1339 3757 1503 3823 absoluere
1526 3756 1626 3841 potuit
1648 3755 1770 3820 duobus
1794 3755 1845 3820 uel

241 3865 340 3931 tribus
364 3866 525 3951 capitulis,
550 3887 610 3931 non
635 3865 773 3930 dimidio.
821 3866 999 3932 adscribam
1037 3867 1118 3930 bunc
1152 3866 1254 3930 locum
1290 3864 1387 3949 (laud.
1412 3865 1444 3928 in
1467 3863 1624 3929 Valentiu.
1651 3864 1731 3946 Aug.
1757 3863 1845 3948 114)

240 3972 295 4056 ita,
321 3979 354 4038 ut
377 3993 458 4057 qnae
481 3974 637 4040 inclinatis
661 3973 771 4039 litteris
795 3957 936 4058 expressi
959 3993 1032 4040 mea
1054 3973 1272 4057 supplementa
1295 3972 1370 4056 sint,
1396 3979 1501 4036 cetera
1525 3971 1642 4036 codicis
1665 3969 1775 4034 lectio:

400 4079 529 4146 ‘Verum
553 4081 708 4164 estquod
737 4101 834 4166 saepe
866 4103 926 4146 non
958 4080 1077 4146 credidi
1111 4079 1207 4145 otium
1235 4079 1312 4144 locis
1345 4079 1454 4144 tolibm
1487 4077 1604 4143 habere
1638 4080 1755 4160 milites,

242 4188 364 4269 qualem
380 4197 421 4272 te,
445 4188 605 4273 inhospita
620 4188 716 4272 regio,
742 4209 841 4273 nuper
855 4187 1041 4253 inuenimus.
1075 4187 1204 4270 ignaras
1221 4186 1388 4253 uetustatis
1411 4185 1539 4252 arbores
1563 4209 1630 4250 conr
1651 4189 1756 4250 aaarr'r

241 4293 338 4376 regiis
361 4294 504 4362 domibus
528 4295 692 4378 teneretis,
718 4294 885 4360 berberem
907 4319 975 4360 eum
996 4308 1023 4360 te
1050 4292 1229 4359 indecoram
1252 4292 1417 4378 probares,
1449 4315 1499 4379 epo
1523 4291 1579 4357 tibi
1602 4291 1754 4376 exprobro
1823 4295 1844 4358 3

240 4399 324 4484 quod
345 4400 431 4467 uicta
452 4397 508 4470 es’

240 4506 272 4572 in
296 4508 343 4574 eis
366 4528 447 4592 quae
470 4530 511 4576 ex
533 4509 640 4576 codice
656 4509 736 4576 eruit
751 4509 854 4576 Maius
878 4509 954 4575 nihil
976 4509 1094 4576 mutaui
1116 4513 1285 4595 praeter-1
1308 4507 1437 4573 labere
1458 4528 1515 4593 pro
1537 4507 1666 4574 baberi
1686 4513 1718 4574 et
1741 4511 1761 4575 3
1783 4528 1842 4572 re·

238 4620 313 4702 piis
334 4635 390 4700 pro
413 4620 541 4702 repete.
587 4616 645 4683 sed
668 4637 749 4700 quae
774 4617 859 4703 apud
882 4617 999 4683 Maium
1023 4616 1092 4683 siue
1114 4617 1176 4683 ullo
1199 4613 1376 4682 interductu
1399 4623 1560 4700 secuntur,
1586 4635 1626 4681 ea
1647 4621 1735 4699 patet
1757 4632 1842 4698 pror-

240 4745 294 4792 sus
317 4725 400 4791 alius
424 4723 599 4806 argumenti
622 4745 704 4792 esse.
751 4733 823 4791 sunt
847 4735 951 4792 autern
975 4723 1068 4791 haec:

238 4831 280 4897 'tu
310 4857 329 4896 a
358 4831 449 4899 sociis
484 4853 512 4896 es
548 4839 659 4898 emtus:
701 4832 842 4918 pingeris
878 4831 997 4898 felicior
1034 4831 1175 4918 principe
1211 4850 1294 4897 meo:
1337 4832 1455 4894 maiora
1491 4831 1531 4894 ab
1564 4835 1634 4894 sunt
1671 4847 1753 4911 quae

119 5013 123 5028 .
238 4947 384 5026 repetunt
411 4941 491 5007 baec
519 4957 601 5023 quae
628 4945 791 5028 clupeatos
817 4931 916 5007 ceder
945 4938 1097 5006 adiunxit.
1154 4939 1353 5006 conferantur
1381 4937 1519 5004 interim:
1548 4942 1636 5020 patet
1661 4935 1753 5002 ilico.-
