4350 5326
1060 309 1084 395 7

993 420 1153 434 —

270 551 332 598 non
355 531 499 615 opinione
523 529 657 596 maditus
680 527 738 594 sed
762 526 949 610 conspicuus
973 533 1005 592 et
1027 544 1179 611 praesens
1202 523 1384 608 luppiter
1407 523 1547 608 cominus
1562 523 1712 605 inuocem,
1737 542 1797 586 non
1823 521 1876 586 ad-

272 661 355 708 uena
376 639 435 707 sed
457 641 626 725 imperator
647 637 844 705 Hercules
868 633 1011 705 adorari!
1049 676 1093 688 -
1119 642 1288 722 praeterea
1315 655 1377 700 non
1400 634 1605 718 obuersabor,
1637 633 1735 715 siquis
1758 653 1814 718 pro
1837 657 1877 696 on

272 752 445 838 reposuerit
468 767 585 839 cique.

429 864 601 947 Perspicua
624 861 767 946 exemplo
790 869 860 928 nter
883 860 944 926 alio
975 859 1154 926 Mamertini
1182 859 1251 924 loco
1275 859 1335 946 (ib.
1363 863 1413 940 16,
1439 862 1459 926 3
1483 857 1553 941 sq.)
1582 863 1615 922 ut
1644 856 1877 922 emblemataa

270 975 397 1040 librario
419 975 524 1056 aliquo
548 972 674 1038 adiecta
696 991 768 1039 csse
791 972 1012 1038 demonstrem.
1059 972 1138 1038 haec
1162 976 1235 1038 suut
1257 969 1355 1036 uerba
1377 969 1509 1034 oratoris
1525 981 1551 1033 ei
1573 971 1652 1035 enim
1667 971 1748 1054 qnod
1764 971 1805 1032 ort
1827 969 1878 1032 ille

271 1087 405 1150 Rormani
425 1088 568 1150 emaninia
583 1088 705 1171 mame
726 1097 830 1148 meetor

697 1219 717 1258 a
738 1198 797 1260 sole
820 1199 967 1261 madente
989 1198 1031 1260 ed
1053 1217 1144 1280 naqa
1168 1195 1294 1259 Maeotia
1315 1193 1446 1278 puiades

271 1310 306 1371 id
335 1331 416 1372 nano
445 1310 562 1394 lonpiaa
584 1309 757 1393 aniaaqrre
779 1309 959 1394 protendere
986 1309 1052 1372 lieet
1072 1309 1166 1392 aeonia
1192 1306 1325 1369 lwailene
1350 1307 1384 1367 in
1410 1313 1514 1366 maen
1537 1304 1622 1368 cludo
1642 1305 1797 1366 aeaaniarn
1819 1313 1876 1366 toto

273 1419 534 1504 adoperoenaeat.
581 1431 607 1483 et
630 1423 709 1483 enine
730 1422 795 1505 ipae
817 1422 886 1484 eolre
908 1430 991 1499 omn,
1021 1440 1083 1482 non
1104 1419 1193 1481 niodo
1215 1418 1286 1482 irco
1309 1418 1422 1479 circa
1445 1413 1642 1496 Maeotin,
1671 1413 1724 1478 arb
1748 1425 1878 1478 entrare

270 1527 494 1615 Septem-ann
518 1534 632 1618 pinpo,
664 1554 725 1616 qao
738 1531 901 1615 fanidani
928 1541 1016 1616 capaci
1045 1531 1209 1594 Donnnine
1238 1529 1348 1593 maleit
1377 1546 1493 1611 quaque
1519 1527 1660 1590 dandae
1686 1538 1762 1591 aecci
1792 1527 1879 1591 Alina

271 1639 475 1724 Germaniam,
496 1645 653 1706 sedetiam
674 1641 806 1727 antipae
829 1643 904 1705 lucra
918 1663 1023 1705 occure
1122 1652 1216 1703 ruant
1238 1660 1336 1703 omnes
1357 1641 1391 1702 in
1413 1639 1589 1722 sanquinem
1609 1659 1698 1700 auara
1714 1640 1827 1724 populi
1842 1685 1877 1702 ..

269 1753 339 1816 lieo
362 1757 474 1817 eir-oc
495 1751 528 1816 in
550 1751 632 1817 libro
646 1751 836 1818 Bertiniensi
859 1757 909 1817 est
931 1739 1109 1836 placuitque
1133 1749 1285 1832 Liuineio,
1311 1748 1363 1814 olii
1387 1748 1562 1816 maluenrnt
1583 1750 1650 1812 tec
1673 1752 1780 1813 eitra.
1826 1748 1878 1814 Li·

268 1861 393 1926 uincius
416 1861 534 1945 aliquid
557 1861 663 1928 mendi
685 1864 784 1929 latere
806 1862 958 1930 intellexit
979 1861 1085 1946 itaque
1109 1861 1270 1946 rescripsit
1291 1883 1352 1925 non
1373 1861 1462 1924 niodo
1486 1863 1566 1924 eirea
1588 1861 1733 1942 Maeotin,
1756 1883 1792 1924 ae
1813 1861 1876 1941 aab,

271 1971 324 2036 alii
355 1972 418 2036 alia
448 1973 716 2056 excogitatorum.
762 1981 794 2041 et
816 1974 952 2042 Liuineii
981 1975 1142 2039 inuentum
1173 1972 1314 2055 intellegi
1336 1969 1461 2054 quidem
1485 1976 1606 2054 potest,
1636 1971 1792 2036 sententia
1816 1991 1877 2035 non

269 2089 355 2148 recte
377 2084 528 2166 procedit.
569 2083 688 2150 Ennius
717 2087 801 2150 enim
823 2085 902 2151 duos
925 2085 1074 2150 terminos
1091 2091 1252 2169 posuerat:
1277 2083 1375 2150 solem
1391 2081 1551 2163 orientem,
1575 2081 1715 2148 Maeotin
1729 2083 1877 2168 paludem

270 2191 377 2276 itaque
401 2193 483 2278 qnod
507 2194 668 2261 Liuineius
691 2197 817 2282 scripsit
840 2198 954 2263 falsum
985 2204 1047 2262 est:
1079 2216 1153 2262 nam
1176 2194 1297 2260 Ennius
1328 2193 1404 2260 solis
1435 2199 1534 2257 ortam
1558 2203 1748 2278 opposuerat
1770 2195 1877 2280 paludi

269 2303 324 2387 illi,
348 2325 419 2370 eam
442 2304 563 2372 scilicet
585 2308 871 2391 septemtrionalem
895 2308 1059 2374 terminum
1083 2327 1154 2372 esse
1177 2313 1274 2372 ratus.
1314 2313 1349 2370 ut
1371 2305 1509 2371 breuiter
1531 2303 1634 2369 dicam
1658 2304 1740 2387 quod
1765 2307 1875 2393 sentio,

268 2435 325 2501 pro
347 2419 404 2481 Ιιασ
425 2438 496 2482 oum
511 2418 692 2486 Schwamio
715 2419 912 2486 scribendum
928 2418 1077 2502 estquod
1099 2418 1131 2482 in
1148 2415 1334 2500 quibusdam
1351 2415 1580 2500 exemplaribus
1604 2421 1653 2480 est
1668 2439 1714 2480 ee.
1761 2416 1876 2485 deinde

269 2535 403 2610 apparet
424 2527 582 2594 librarium
606 2548 646 2595 ex
667 2519 762 2595 Ennii
792 2531 946 2596 uersiculo
971 2535 1050 2595 aron
1066 2531 1199 2595 Maeotin
1220 2547 1386 2613 perperam
1410 2525 1582 2592 addidisse.
1630 2527 1749 2611 optima
1771 2538 1875 2596 autem

270 2635 351 2702 haec
377 2647 520 2705 remanet
549 2641 707 2706 sententia
728 2645 762 2706 in
783 2645 849 2728 ipm
870 2644 940 2706 aolr'a
962 2655 1028 2706 oria
1051 2664 1111 2706 non
1133 2642 1233 2721 neoda
1256 2662 1292 2702 oo
1313 2640 1365 2704 aab
1389 2651 1518 2703 aeiremu
1539 2641 1752 2725 septentrionis
1771 2643 1875 2727 pinpo.

431 2750 476 2816 lb.
503 2755 553 2835 19,
578 2757 599 2821 3
625 2752 746 2819 Gemini
766 2775 834 2839 erpo
856 2755 969 2818 nmaiea
986 2756 1058 2838 piae
1080 2753 1164 2817 nobie
1184 2763 1291 2816 menica
1314 2763 1340 2815 et
1362 2753 1571 2836 inmoderata
1592 2749 1720 2816 didicere
1732 2752 1877 2836 sorianus

271 2869 358 2946 idquit
379 2863 451 2926 ende
472 2866 634 2928 amaran
655 2877 769 2929 aeonae
791 2867 981 2950 nimiamque
1002 2885 1185 2929 cocomarium
1211 2873 1316 2927 menei
1339 2862 1508 2942 ecordiam,
1539 2864 1621 2947 qnod
1648 2875 1796 2929 amoenior
1823 2888 1877 2930 eoa

270 2974 313 3036 ad
335 2993 425 3058 epea
446 2979 561 3059 perena
581 2977 709 3041 remane·
728 2977 805 3040 bono
827 2977 928 3040 sidero
950 2988 976 3040 et
999 2979 1097 3040 amieo
1117 2978 1270 3041 uideant.
1315 2973 1395 3039 haec
1412 2972 1508 3038 uerba
1524 2973 1551 3037 si
1566 2973 1690 3038 omnino
1706 2974 1875 3059 quidquam
1903 2973 1906 2978 ’

269 3082 459 3167 significant,
484 3085 652 3152 dicendam
667 3094 752 3153 certe
769 3094 838 3152 erat
852 3111 946 3173 meni,
969 3087 1188 3152 sententious
1211 3093 1277 3150 tum
1300 3083 1425 3168 quidem
1443 3083 1611 3150 admodum
1635 3084 1726 3150 bona.
1774 3107 1875 3171 oeque

268 3200 375 3272 tamen
399 3195 506 3262 dubito
530 3196 605 3280 quin
627 3196 725 3264 lateat
747 3221 843 3284 aper.
890 3198 1035 3282 exempla
1063 3196 1154 3264 huius
1177 3196 1321 3263 uocabali
1351 3195 1414 3260 hac
1441 3201 1547 3262 aetate
1568 3195 1725 3280 pluratiuo
1748 3218 1876 3265 numero

270 3305 411 3388 usurpati
440 3306 581 3373 adieram
611 3307 654 3374 ad
676 3307 857 3392 Symmachi
885 3307 997 3374 landes
1020 3308 1165 3375 Gratiani
1187 3309 1324 3392 Augusti
1346 3306 1406 3396 (9).

431 3415 607 3482 Mamertini
638 3427 724 3502 grat,
753 3426 814 3484 aot.
838 3419 959 3485 Iuliano
989 3419 1116 3486 habitae
1140 3423 1170 3504 5,
1196 3425 1217 3490 5
1247 3419 1328 3485 haee
1360 3424 1433 3484 sunt
1459 3421 1521 3484 nid
1546 3421 1598 3485 iile
1626 3421 1795 3486 adalram
1822 3422 1877 3510 (de

269 3525 428 3609 Spurinna
450 3525 567 3592 dictum
591 3535 659 3593 erat
689 3530 728 3595 ci.
752 3531 857 3597 Valer.
886 3531 970 3596 Max.
994 3532 1099 3600 11115
1123 3537 1184 3598 ext.
1212 3530 1245 3616 l)
1274 3551 1408 3594 eeaaom
1433 3553 1560 3594 mentem
1582 3535 1720 3619 ,nepa-in
1746 3535 1878 3599 aelatae

268 3637 425 3719 r‘nialieeet,
455 3641 518 3704 dieo
540 3651 566 3702 ei
587 3661 696 3704 mora
719 3663 755 3704 ec
776 3665 838 3706 non
860 3645 952 3728 ionpu
973 3647 1077 3708 odaa'r
1098 3646 1237 3709 occeano
1261 3664 1377 3708 earnem
1404 3644 1492 3720 iilam
1505 3643 1616 3727 florem
1639 3649 1772 3729 corporea
1790 3667 1876 3730 pere·

268 3749 374 3811 masa.
420 3757 509 3832 patet
530 3748 730 3815 scribendum
753 3770 824 3816 esse
849 3753 912 3818 dia
934 3767 960 3819 ei
981 3757 1077 3820 toro
1100 3774 1202 3838 neque
1226 3773 1304 3838 opus
1327 3759 1377 3818 est
1399 3753 1550 3838 exemplis
1565 3752 1598 3818 in
1613 3773 1646 3818 re
1662 3755 1875 3838 apertissima:

270 3855 371 3922 diem
393 3865 498 3925 antem
521 3867 553 3926 et
577 3880 714 3926 moram
739 3861 928 3946 coniungere
952 3864 1002 3929 cni
1024 3865 1177 3949 placuerit
1198 3863 1324 3931 inuenio
1346 3864 1513 3930 neminem.

429 3970 475 4034 Ib.
500 3974 530 4055 8,
554 3978 576 4040 4
599 3997 660 4058 queo
682 3977 827 4060 depone
850 3975 994 4040 domities
1008 3976 1127 4040 cimaea
1143 3999 1202 4063 per
1223 3979 1353 4042 mummi
1364 3979 1505 4062 flaminia
1519 3987 1648 4040 nomana
1662 3981 1751 4040 rernm
1764 3983 1875 4043 uerita-

269 4102 324 4164 qzee
345 4083 538 4147 noiaanent
560 4094 625 4148 tana
643 4090 812 4174 prinm‘Jrem
826 4099 960 4153 nostram
982 4089 1044 4152 aiio
1054 4109 1159 4174 peppo
1172 4090 1326 4154 eebleinem
1347 4111 1408 4152 non
1425 4109 1484 4174 per
1507 4089 1638 4152 einaoe
1659 4091 1768 4153 modi
1789 4113 1877 4176 opaea

261 4189 420 4272 framenta
441 4206 628 4280 aporpeniera
650 4199 702 4260 red
723 4199 877 4264 &mona
892 4200 1014 4286 oppida
1033 4199 1127 4263 benaa
1151 4222 1216 4286 aper
1239 4199 1401 4264 liberiorem
1424 4200 1548 4264 diuitias
1570 4200 1775 4265 diuidentem?
1812 4214 1876 4267 iarn

270 4319 306 4362 ea
325 4315 411 4385 pone
433 4306 584 4370 alioruin
605 4307 795 4372 bordarioran
816 4312 913 4374 eolarn
934 4323 1076 4374 terrorem
1097 4311 1244 4392 bellicam,
1270 4311 1451 4395 maredontea
1463 4309 1569 4396 sapae,
1588 4309 1774 4394 ronredines
1796 4314 1874 4379 obae-

268 4413 396 4475 rentemt
442 4415 647 4484 Mamertinus
670 4437 740 4484 cum
764 4420 885 4488 iuliano
908 4419 1131 4504 Triptolemum
1156 4427 1318 4505 comparat
1347 4441 1367 4486 a
1395 4419 1498 4506 poetis
1521 4421 1652 4487 Graecis
1682 4423 1786 4490 nimiis
1808 4425 1874 4488 lan-

268 4518 368 4592 dibus,
384 4523 574 4593 celebratum
596 4526 645 4594 ‘tu
667 4549 799 4615 pueram
812 4531 1006 4597 inuentorem
1022 4531 1148 4597 serendi
1164 4531 1334 4598 draconum
1350 4533 1458 4622 alitum
1475 4551 1565 4598 cumn
1580 4533 1737 4600 uolantem
1754 4535 1876 4601 sentina

265 4630 297 4696 in
326 4639 427 4698 terras
455 4638 611 4719 sparsisse
639 4635 779 4706 iactasti’
812 4641 856 4725 (8,
884 4641 927 4730 1).
973 4649 1063 4727 patet
1092 4641 1188 4726 igitur
1216 4642 1302 4726 agris
1332 4663 1352 4709 a
1379 4642 1570 4727 Triptolemo
1600 4644 1729 4710 consitis
1760 4644 1874 4730 opponi

266 4743 462 4826 nobilissima
485 4747 603 4832 oppida
628 4771 649 4814 a
671 4752 791 4817 Iuliano
817 4753 959 4819 felicitati
990 4754 1145 4821 restituta.
1197 4755 1304 4837 itaque
1326 4755 1488 4820 Ardtzenii
1516 4775 1573 4841 pro
1601 4757 1878 4822 oeieaeernodi

267 4854 349 4937 qnod
366 4875 405 4922 ex
419 4855 499 4923 libro
513 4858 702 4926 Bertinienai
718 4862 843 4930 Medius
859 4872 1052 4949 coercuerat,
1076 4865 1279 4932 restituerunt
1302 4869 1562 4950 eiuscemodi,
1586 4867 1670 4952 quod
1685 4887 1875 4952 quamquam

266 4967 372 5052 paullo
395 4969 500 5055 aptius
523 4977 581 5056 est,
606 4977 711 5038 tamen
735 4975 912 5041 sententiae
928 4976 1064 5042 nondam
1080 4976 1160 5044 eatis
1180 4977 1266 5045 iacit.
1312 4979 1512 5046 scribendum
1534 4977 1658 5049 uidetur
1685 4987 1876 5066 eoinaqae
