4350 5326
1092 323 1279 448 Q

366 545 426 610 'ita
450 544 651 610 conferebant
674 543 705 608 in
729 551 759 608 te
783 541 978 624 beneficium,
1002 547 1035 604 ut
1051 546 1081 606 te
1098 561 1247 623 maguam
1270 561 1291 604 e
1313 555 1348 602 ee
1364 538 1498 620 gratiam
1523 539 1601 604 inire
1622 535 1792 624 putarent',
1817 537 1872 606 eed
1897 537 1970 622 quid

369 652 585 718 coniunctione
609 651 668 716 eibi
692 649 780 714 uult?
827 655 959 732 apparet
981 649 1131 713 Pacatum
1156 647 1320 732 scripsisse
1353 669 1463 731 quom
1492 651 1662 734 imputare.

528 759 572 822 lb.
597 763 650 840 34,
675 763 696 823 4
718 769 837 844 spumet
860 758 977 820 decolor
1000 777 1103 818 eruore
1118 757 1237 840 fluuium
1259 767 1285 818 et
1308 765 1473 818 murreum
1494 767 1607 818 meatui
1628 759 1683 819 uie
1705 756 1898 820 eluctatio
1921 776 1970 817 ca-

367 867 530 931 daueibue
553 868 672 946 euoluit,
696 877 785 950 utqim
807 887 836 927 ee
858 864 915 928 tibi
930 874 1028 948 porcat
1051 864 1175 946 speciali
1202 865 1351 946 imputare
1378 865 1503 943 militie,
1533 865 1633 947 rpeum
1662 865 1751 926 illum
1780 865 1973 927 uaullaeium

366 977 527 1058 eucru'leqae
541 975 687 1058 fadiem'e
709 975 811 1036 accidie
832 969 999 1056 qurqdilme
1020 969 1176 1034 damma.
1223 968 1422 1034 scribendum
1445 969 1578 1033 arbitror
1606 972 1786 1034 eructatio
1813 969 1971 1033 cadaueri·

366 1082 419 1144 lue
442 1080 554 1144 colluto
578 1079 686 1145 incerti
710 1078 846 1143 auctoris
869 1096 1024 1161 panegyr.
1049 1075 1254 1141 Constantino
1277 1077 1315 1141 A.
1340 1075 1371 1140 d.
1395 1081 1446 1160 18,
1465 1074 1492 1142 '2
1516 1089 1547 1141 at
1568 1100 1649 1140 auae
1676 1079 1823 1142 uiolentae
1852 1088 1877 1140 et
1905 1087 1970 1138 tur·

366 1189 454 1252 bidae
479 1191 588 1253 luentem
616 1192 662 1252 rei
683 1188 823 1272 peditem
849 1186 988 1249 camuzati
1020 1196 1059 1264 et,
1092 1205 1129 1248 ae
1150 1195 1236 1246 tuum
1258 1187 1359 1249 lateret
1381 1185 1566 1271 obsequium,
1602 1196 1786 1250 eructato
1824 1185 1971 1248 cadauere

361 1298 538 1381 prodictam.
880 1313 882 1318 '

528 1403 572 1466 lb.
597 1407 650 1485 40,
676 1406 696 1469 2
718 1406 827 1465 eciurue
849 1403 970 1486 quidem
991 1403 1153 1484 inquiretur
1175 1401 1219 1462 itu
1240 1411 1267 1461 te
1290 1410 1394 1462 cauda
1418 1401 1649 1484 admiamrmu,
1671 1413 1705 1466 ut
1726 1423 1786 1464 aea
1805 1401 1920 1486 perciet
1941 1418 1971 1460 ee

365 1510 423 1574 tibi
450 1514 464 1574 i
469 1533 499 1573 m
502 1523 653 1596 putare
681 1531 842 1590 mecedem,
872 1509 924 1572 eed
944 1507 1077 1593 sateurie
1097 1527 1207 1570 aeceeee
1230 1517 1269 1568 eet
1291 1518 1436 1590 quantum
1457 1519 1485 1572 te
1506 1512 1539 1572 iu
1560 1509 1652 1591 edu,
1681 1519 1798 1572 tautum
1810 1505 1972 1592 formata-m

366 1629 450 1680 taam
474 1621 562 1703 equite
581 1629 647 1702 poet
669 1618 794 1682 bellam:
823 1619 922 1680 miei
941 1637 1044 1680 aecem
1066 1615 1169 1677 danae
1192 1625 1217 1676 et
1246 1615 1438 1695 iudicem,
1468 1636 1566 1678 ueuue
1590 1619 1711 1702 proiice
1736 1639 1824 1680 ruam
1852 1634 1971 1679 enume-

366 1725 444 1788 rabit
466 1747 587 1810 operam
611 1737 646 1805 et,
671 1737 704 1789 ut
726 1724 886 1789 uirtutibue
907 1726 967 1786 tuie
987 1724 1083 1786 multa
1107 1723 1259 1802 concedat,
1283 1723 1381 1806 alique
1403 1721 1463 1784 eibi
1491 1724 1746 1788 vindicabit?
1792 1719 1972 1788 Sohefferus

365 1830 475 1896 laudet
490 1829 530 1896 de
547 1833 658 1914 quibus
683 1837 778 1898 antea
802 1829 866 1894 dixi
889 1829 1020 1894 oratoris
1042 1827 1141 1892 uerba
1164 1825 1231 1912 (34,
1245 1826 1281 1911 4)
1304 1827 1383 1892 haee
1405 1841 1494 1912 utque
1508 1851 1537 1892 ee
1558 1832 1617 1895 tibi
1635 1843 1728 1918 pead
1750 1831 1873 1916 speciali
1893 1831 1969 1891 im-

363 1951 510 2026 putare
541 1943 666 2022 militia,
698 1937 755 2005 sed
788 1942 843 2000 aut
873 1935 1002 2019 egregie
1035 1934 1125 2000 fallor
1156 1941 1211 2000 ant
1241 1933 1316 1998 nihil
1340 1934 1424 2001 aliud
1448 1937 1624 2020 probabunt
1647 1957 1741 2020 quem
1771 1943 1876 2001 riostro
1899 1935 1968 1998 loeo

366 2045 460 2130 plane
485 2047 671 2111 contrarium
695 2045 862 2111 dicendum
886 2043 998 2108 fuisse:
1031 2039 1155 2106 uidetur
1184 2064 1255 2106 riou
1285 2041 1454 2108 excidisse:
1486 2056 1519 2107 ut
1545 2067 1605 2109 acu
1623 2049 1739 2130 pmu'm
1760 2067 1790 2108 u
1811 2044 1869 2108 tibi
1895 2065 1972 2106 aea

364 2157 515 2238 imputare
537 2176 691 2218 macerem.
738 2157 904 2235 praeterea
926 2153 1055 2216 iudicem
1077 2169 1139 2213 nnn
1162 2155 1246 2214 recte
1271 2149 1381 2234 hebet,
1406 2170 1508 2234 neque
1532 2151 1615 2216 enim
1639 2151 1678 2218 de
1701 2149 1871 2217 iudicando
1893 2148 1970 2214 dici·

366 2265 416 2322 tur
439 2257 497 2323 sed
520 2258 560 2323 de
584 2257 769 2341 indicand03
792 2256 991 2322 scribendum
1014 2263 1063 2321 est
1090 2258 1276 2320 iadicem.

527 2366 655 2448 Ignoti
679 2365 851 2430 auctoris
875 2403 916 2412 --
941 2383 1013 2428 nam
1038 2363 1078 2430 de
1102 2363 1274 2427 orationum
1299 2362 1477 2429 unctoribus
1505 2385 1587 2431 nunc
1612 2383 1672 2430 non
1697 2384 1813 2448 quaero
1837 2361 1894 2430 sed
1918 2384 1971 2428 ne

366 2472 450 2538 mina
472 2471 567 2536 laudo
590 2472 622 2536 in
646 2471 783 2555 uolgatis
807 2471 958 2556 exemplis
981 2470 1132 2555 inscripta
1157 2509 1197 2518 -
1221 2469 1404 2554 panegyrici
1429 2471 1635 2538 Constantino
1658 2473 1801 2554 Augusto
1823 2471 1899 2536 dicti
1924 2473 1969 2558 (9,

366 2579 402 2664 4)
426 2579 509 2656 lraeo
527 2586 600 2644 sunt
623 2604 664 2642 an
685 2584 795 2644 aramue
816 2603 870 2644 uae
886 2590 980 2665 puicu
1002 2581 1083 2664 qued
1106 2601 1174 2641 cum
1195 2581 1289 2642 atinio
1319 2584 1468 2664 raperem'e
1498 2583 1621 2662 audere,
1652 2585 1686 2644 iu
1715 2582 1815 2644 acedia
1844 2581 1972 2644 lmetium

366 2689 424 2750 tela
446 2687 607 2751 emmam
629 2699 655 2752 et
673 2691 735 2752 aid
755 2691 840 2751 uiam
860 2686 918 2751 tibi
938 2687 1075 2751 caedem
1097 2689 1268 2772 apertura,
1290 2689 1481 2772 praetutium
1502 2692 1617 2773 quaeum
1630 2688 1757 2752 lturuam‘
1779 2699 1804 2751 ee
1825 2698 1896 2750 uota
1919 2689 1971 2750 de-

367 2815 500 2878 ceperas:
531 2805 612 2858 toto
644 2798 754 2880 quiippe
769 2799 880 2880 impetu
894 2795 1032 2878 ferebare
1053 2797 1178 2858 torrenti
1197 2795 1303 2857 eimdie
1325 2796 1418 2875 ammi,
1442 2816 1529 2880 quem
1551 2795 1694 2880 abreptae
1708 2796 1854 2859 radiatae
1875 2795 1972 2858 uiuae

367 2912 392 2964 et
416 2902 558 2966 eoauulea
575 2900 723 2986 fuaddun
749 2925 825 2965 eaea
851 2915 1049 2988 eequereatur.
1095 2899 1293 2966 scribendum
1328 2899 1460 2966 arbitror
1492 2914 1606 2966 tauto
1637 2906 1747 2988 quippe
1780 2905 1902 2987 inpetu.
1927 2940 1972 2949 -

365 3005 570 3072 leuiuscnlunr
602 3005 755 3089 estquod
787 3007 820 3071 in
843 3006 954 3074 eodem
977 3006 1171 3093 panegyrico
1195 3004 1239 3094 (l,
1265 3005 1300 3090 3)
1334 3027 1499 3093 perperam
1535 3022 1561 3074 et
1593 3009 1749 3094 particula
1778 3008 1893 3074 iterata
1923 3016 1973 3075 est

365 3115 417 3178 aed
439 3117 578 3199 quaaeaie
605 3119 737 3179 correctae
765 3117 845 3179 acilii
871 3117 1055 3198 infirmitatie
1083 3117 1230 3198 inqendue
1268 3126 1293 3178 et
1322 3117 1454 3180 inclinati
1474 3120 1578 3201 potira
1606 3117 1702 3180 audii
1730 3138 1821 3202 quam
1852 3119 1971 3198 audr'ti,

367 3223 496 3286 colu-ibae
518 3243 564 3284 me
585 3223 700 3285 eilemio
722 3245 841 3308 nequeo,
864 3245 921 3308 quo
949 3225 1048 3286 animae
1068 3223 1105 3285 de
1126 3234 1300 3307 recuperata
1321 3223 1393 3288 urbe
1413 3226 1597 3309 imperioque
1617 3225 1754 3287 Romano
1775 3220 1830 3311 [et]
1852 3226 1971 3288 taudem

367 3351 403 3392 ee
425 3331 570 3392 diuturna
592 3330 781 3393 denualdum
802 3331 928 3394 solidato
953 3341 977 3393 et
999 3332 1061 3414 ipse
1088 3330 1206 3414 aliquid
1229 3352 1315 3394 coner
1337 3331 1437 3417 efflui,
1465 3341 1499 3394 ut
1525 3333 1601 3396 iuter
1622 3343 1718 3394 tamea
1739 3333 1850 3395 eandm
1872 3333 1965 3395 duem

366 3447 465 3499 tecum
486 3457 552 3500 mea
575 3457 689 3520 quoque
711 3459 772 3500 uoe
789 3440 890 3501 imae
912 3437 1054 3502 mmdeu
1076 3436 1226 3499 uideatur.

522 3543 571 3608 lb.
599 3547 650 3625 ll,
670 3548 685 3611 1
712 3567 779 3607 eum
801 3547 879 3608 euim
901 3545 971 3608 diuo
994 3542 1111 3607 obema'e
1131 3553 1261 3627 ternpore
1278 3546 1457 3630 paem'tendi
1473 3543 1650 3632 Aquileiam
1672 3567 1788 3632 quoquc
1809 3547 1845 3610 de
1867 3543 1967 3627 leqatie

368 3673 470 3712 cerum
491 3647 554 3738 [aa]
576 3655 623 3730 (aa
645 3657 729 3715 reete
753 3650 869 3716 delenit
892 3649 1064 3732 Liuineius)
1085 3649 1269 3734 supplemus
1289 3655 1441 3736 reeepdam
1471 3657 1623 3738 mndtqm
1650 3677 1680 3718 ec
1706 3655 1764 3718 tibi
1792 3653 1970 3717 dediderant

367 3779 440 3842 quoe
463 3756 619 3820 obm‘deado
642 3780 831 3838 eauauerae,
857 3762 1001 3844 iqnouieti
1022 3757 1158 3821 omnium
1181 3769 1206 3820 et
1227 3761 1337 3840 udam,
1366 3782 1457 3845 quam
1480 3763 1708 3845 desperauerant
1729 3753 1908 3826 reddidmi:
1939 3768 1972 3820 et

367 3865 525 3949 quidem
553 3866 666 3926 ineunti
687 3887 774 3927 amna
797 3866 955 3950 deponere,
985 3875 1019 3928 ut
1041 3867 1133 3929 eruite
1156 3868 1247 3928 tutum
1264 3869 1375 3952 pietate
1396 3877 1578 3952 tepereutar:
1607 3880 1640 3932 ut
1669 3879 1767 3932 tamen
1786 3869 1970 3953 pertinaciae

366 3993 437 4035 cuae
459 3973 565 4034 nauita
591 3975 730 4036 eemirmt
757 3975 873 4058 eomupr'
897 3995 944 4037 coe
970 3975 1137 4058 ueum‘m'que
1163 3975 1275 4036 iueaieti
1299 3994 1360 4036 aaa
1389 3975 1430 4037 ad
1452 3972 1638 4059 supplicium
1659 3977 1711 4040 aed
1733 3979 1828 4040 udam
1846 4020 1854 4039 .
1871 4021 1879 4038 .
1895 3979 1970 4058 puto

368 4077 566 4142 scribendum
595 4097 666 4144 esee
699 4082 899 4164 equidem,
930 4078 1013 4162 quod
1037 4097 1225 4161 quamquam
1247 4078 1279 4142 in
1303 4077 1390 4144 hisce
1413 4079 1615 4165 panegyricis
1645 4102 1706 4147 non
1734 4080 1862 4146 memini
1886 4079 1971 4146 siuri-

365 4183 437 4249 liter
465 4191 646 4270 usurpatum
676 4204 726 4250 me
754 4186 861 4268 legere
887 4225 927 4236 -
956 4185 1114 4251 inuenitur
1142 4192 1246 4252 antem
1282 4185 1407 4251 omnino
1436 4187 1536 4253 rarius
1559 4226 1602 4238 -
1627 4195 1732 4254 tamen
1763 4186 1874 4254 ecdem
1903 4187 1969 4254 iere

367 4291 459 4356 modo
483 4292 578 4358 ueluti
600 4290 740 4357 Ausonio
764 4291 913 4358 adhibere
937 4291 1066 4377 placuit:
1090 4291 1301 4377 professorum
1327 4298 1342 4360 1
1368 4292 1462 4381 (191)
1485 4299 1507 4365 5

579 4421 640 4464 aea
670 4401 852 4484 equidem
881 4412 994 4466 cutam
1017 4423 1085 4466 uum
1106 4403 1256 4466 maiutute
1278 4402 1420 4484 demun,

366 4505 607 4590 technopaegnii
632 4502 672 4571 de
694 4505 774 4571 cibis
797 4504 892 4594 (344)
914 4512 936 4574 4

580 4625 647 4679 ame
669 4616 850 4701 equidem
880 4618 993 4700 campie
1015 4637 1105 4701 quam
1127 4619 1226 4702 spicea
1246 4627 1408 4702 cuppeteret
1421 4613 1512 4700 snm,

365 4720 571 4806 praefationis
595 4720 718 4786 centeni
747 4720 878 4807 nuptiali
903 4720 1030 4788 additae
1054 4722 1192 4810 (350)3
1215 4725 1270 4809 qui
1289 4724 1411 4808 neptim
1437 4725 1590 4808 quaedam
1617 4727 1678 4789 ciue
1705 4725 1792 4788 modi
1819 4723 1892 4786 ludo
1915 4723 1968 4787 de-

365 4831 523 4913 scripserat
556 4831 634 4914 apid
664 4831 844 4914 equidem
877 4829 1011 4894 ueraliue
1044 4841 1071 4894 et
1104 4833 1310 4918 eompoeitioae
1340 4828 1472 4914 sutelae,
1514 4829 1718 4915 epistularum
1742 4833 1783 4897 19
1807 4827 1901 4916 (loo)
1925 4832 1967 4898 26

366 4936 448 5021 quod
478 4935 661 5020 equidem
693 4949 793 5000 comm
817 4947 866 5001 eet.
