4350 5326
1057 308 1213 432 „2-4..

324 530 434 591 uincet
459 524 539 590 hacc
563 523 696 590 defensa
713 545 794 608 quae
818 531 913 610 capta
930 531 1012 590 sunt.
1051 525 1159 592 audite
1175 543 1257 608 quac
1281 543 1355 590 uere
1372 524 1413 589 ad
1437 545 1588 591 scamium
1608 528 1738 614 pamma
1760 533 1852 610 gesta

331 632 471 698 nescitis:
497 639 607 714 sponte
630 644 729 696 caera
752 632 922 698 ouaittentlu
946 639 977 697 ct
1000 652 1099 698 nouos
1123 634 1327 698 conserandos
1349 656 1476 719 campos.
1511 631 1598 698 aenis
1622 631 1664 698 ad
1687 657 1721 699 ca
1745 633 1848 717 credo,

329 759 411 822 quae
433 752 588 825 supersunt
612 734 777 821 grauiora?
1572 824 1575 831 Ι
1918 742 1939 806 5

333 845 432 912 codex
456 846 552 912 habet
577 850 592 912 1
612 848 789 932 principi
808 846 850 911 ib.
875 869 983 932 quara
1004 860 1173 934 repetunt
1195 851 1215 914 2
1239 849 1332 912 illuc
1355 851 1374 914 3
1397 867 1496 910 acra.

490 952 639 1017 Extremo
663 949 773 1016 eodem
798 953 934 1036 capitulo
958 954 1038 1018 haec
1062 953 1213 1043 temptaui
1236 951 1467 1038 supplementa:

336 1057 492 1144 Extcacplo
509 1079 578 1124 cam
599 1059 758 1142 soluimus,
784 1084 875 1146 quam
889 1061 1170 1146 cauendumsucrat
1185 1083 1221 1125 aa
1238 1079 1404 1148 perperam
1421 1059 1636 1126 conderemus.
1668 1059 1848 1144 antiquatas

325 1165 413 1230 urbes
435 1167 578 1231 uz'dcrunt
598 1170 731 1252 relinqui
750 1167 882 1232 burlun.
927 1173 1025 1234 scauri
1044 1189 1147 1232 maros
1169 1167 1298 1252 carpite:
1326 1185 1399 1230 nam
1422 1171 1510 1230 naci
1533 1174 1617 1232 stare
1641 1167 1847 1250 neglegenter

330 1272 432 1355 lacta,
469 1277 583 1339 cunali
617 1298 693 1361 pecc
732 1272 945 1340 condicionem
980 1275 1060 1340 uidit
1091 1275 1132 1340 ad
1159 1277 1252 1340 irrita
1279 1273 1402 1338 mittere
1431 1297 1468 1338 aa
1496 1274 1648 1340 fateretur
1677 1293 1712 1339 se
1742 1283 1850 1339 nestra
1916 1277 1968 1345 3,

192 1449 204 1474 ,
328 1379 468 1445 tenuisse
491 1377 654 1445 barbaras:

329 1487 429 1554 codex
460 1486 555 1552 habet
585 1492 605 1555 2
637 1475 721 1554 aare
752 1494 771 1556 3
795 1493 909 1555 accit.
955 1497 1028 1575 post
1050 1495 1070 1559 3
1092 1494 1204 1556 mitae
1226 1495 1258 1554 et
1287 1495 1360 1572 post
1381 1491 1403 1556 4
1426 1491 1549 1553 tanea
1572 1487 1674 1553 nullae
1697 1487 1829 1554 lacunae
1853 1494 1935 1554 sunt.

329 1595 453 1660 omnino
477 1601 618 1660 extrema
640 1591 738 1661 uerba
761 1597 855 1663 uelim
877 1597 957 1662 alius
980 1597 1095 1663 rectius
1119 1596 1275 1682 suppleat.

492 1701 570 1786 Oap.
595 1707 615 1770 ε’)
639 1701 775 1768 ineuntis
800 1704 878 1782 haec
901 1711 985 1770 sunt:

332 1810 501 1898 C(cunc)ta
528 1808 729 1892 Gctysicrnm
760 1811 867 1896 (quam
892 1811 1006 1898 uineis)
1035 1815 1132 1897 repa,
1164 1810 1281 1894 glebis,
1308 1809 1441 1896 sarpam
1471 1827 1554 1874 uena
1584 1809 1748 1894 opulentas
1779 1807 1935 1898 in(pert)it

325 1930 429 1984 terras.

324 2025 359 2090 in
380 2025 429 2089 his
452 2022 582 2090 uncinos
609 2023 732 2089 addidit
754 2025 857 2091 Maius
891 2025 1056 2091 lectionem
1095 2043 1157 2088 non
1190 2043 1319 2108 prorsus
1348 2033 1466 2090 certam
1495 2041 1566 2088 esse
1596 2021 1706 2108 opinor
1728 2023 1932 2090 indicaturus.

325 2138 490 2217 praeterea
512 2130 545 2193 in
568 2131 676 2196 codiee
701 2135 935 2217 catapalastus.
964 2171 1002 2180 --
1027 2151 1108 2214 qaae
1133 2139 1281 2197 secuntur
1310 2139 1365 2196 ant
1393 2131 1523 2215 egregie
1547 2129 1637 2200 fallor
1659 2137 1713 2195 ant
1735 2131 1838 2197 Maius
1861 2132 1929 2198 sine

325 2239 435 2320 legere
459 2257 521 2302 non
544 2237 645 2321 potnit
668 2237 735 2302 siue
759 2239 914 2305 incuriose
937 2239 1094 2304 enctauit:

325 2342 374 2407 ‘in
396 2349 551 2408 ue..cet
574 2345 706 2430 exempli
725 2394 732 2408 .
751 2395 758 2410 .
776 2365 881 2411 eorum
906 2365 994 2411 arma
1015 2346 1130 2430 populo
1153 2352 1329 2411 ter...ta
1351 2339 1418 2427 est',

325 2457 459 2536 apparet
481 2449 556 2514 illud
580 2451 709 2516 uerbum
734 2452 816 2536 quod
838 2453 871 2516 in
894 2453 955 2517 fine
979 2452 1056 2517 latet
1079 2474 1139 2517 nun
1163 2471 1258 2536 posse
1282 2471 1352 2516 cum
1376 2451 1527 2516 uocabulo
1550 2475 1637 2514 curra
1660 2451 1764 2534 iungi,
1789 2459 1822 2516 ut
1846 2452 1931 2520 haud

325 2558 423 2624 seiam
460 2577 501 2622 an
535 2558 598 2624 tale
633 2559 750 2642 aliquid
774 2557 981 2644 Symmachus
1017 2558 1178 2643 scripserit
1200 2561 1309 2644 quique
1343 2571 1447 2622 cacos
1480 2559 1622 2622 barbaros
1649 2562 1769 2623 cinctas
1795 2563 1931 2624 cicaunc

325 2666 475 2751 cccmplas,
499 2687 600 2730 camara
624 2688 711 2729 ανυια
727 2668 844 2752 populo
867 2667 906 2732 lt.
930 2678 974 2730 ter·
995 2668 1109 2730 trcdcla
1130 2677 1209 2728 sunt.
1254 2664 1346 2748 plura
1368 2662 1472 2747 siquid
1498 2663 1590 2730 uideo
1614 2665 1752 2730 turbauit
1773 2663 1876 2732 Maius
1899 2667 1931 2732 in

325 2773 371 2838 eis
396 2787 476 2856 quae
500 2777 648 2836 secuntur
671 2771 752 2836 hunc
775 2773 807 2837 in
831 2771 956 2838 modum
979 2772 1019 2836 ab
1043 2793 1081 2838 ec
1105 2771 1254 2838 enotatis:

323 2877 393 2944 ‘nec
416 2879 533 2944 otiosos
556 2877 675 2962 ospites
692 2927 699 2944 .
718 2927 726 2944 .
744 2929 750 2944 .
769 2899 805 2946 us
830 2879 979 2944 ambitum
1003 2879 1166 2944 definitum
1189 2885 1244 2944 aut
1260 2926 1268 2942 .
1286 2926 1293 2943 .
1312 2924 1319 2942 .
1337 2876 1548 2966 (extremitas
1578 2879 1717 2963 conpulit
1739 2881 1836 2948 breue
1859 2902 1929 2969 spa·

325 2985 401 3051 tium
424 2983 593 3070 postulari,

324 3112 459 3174 namque
483 3095 614 3178 conpulit
636 3093 764 3158 uerbum
787 3093 910 3180 flagitat
925 3098 1094 3182 postulare,
1123 3099 1288 3178 praeterea
1310 3099 1417 3157 autem
1446 3111 1508 3158 non
1530 3111 1638 3158 uerum
1661 3094 1826 3160 uerborum
1848 3097 1926 3164 crdi-

324 3221 395 3266 nem
419 3199 522 3264 Maius
545 3207 802 3284 repraesentasse
827 3202 959 3286 uidetur,
983 3207 1150 3288 potuerunt
1173 3207 1278 3266 autern
1301 3199 1380 3265 haec
1404 3199 1445 3264 ab
1469 3207 1590 3264 oratore
1613 3200 1769 3284 proficisci
1796 3227 1850 3269 acc
1872 3209 1928 3270 oti-

324 3331 387 3372 osos
407 3310 532 3393 homitias
555 3313 695 3373 marcias
718 3311 861 3374 numium
883 3313 1038 3394 definitam
1060 3321 1112 3372 cta
1133 3309 1219 3373 macc
1240 3310 1372 3393 arctim
1394 3310 1560 3370 aaran-itus
1583 3310 1714 3392 conpulit
1732 3312 1892 3394 postulare.

343 3421 346 3428 '
483 3415 594 3480 Finem
618 3414 775 3481 scribendi
797 3415 879 3481 facio
903 3437 965 3482 non
989 3417 1149 3481 uoluntate
1173 3415 1328 3480 adductus
1360 3412 1418 3478 sed
1446 3412 1638 3479 necessitate
1662 3421 1800 3481 coactus.
1846 3437 1925 3500 quae

324 3521 406 3586 enim
429 3529 595 3605 praetcrea
610 3521 651 3586 ed
667 3522 889 3608 Symmachum
913 3523 1147 3604 adnotuneram‚
1171 3521 1204 3586 in
1227 3519 1386 3605 praesenti
1409 3520 1596 3603 quominus
1619 3541 1800 3605 expromam
1823 3523 1926 3588 obstet

323 3628 406 3710 quod
429 3635 553 3713 practer
575 3650 663 3714 spem
686 3629 792 3695 labore
816 3630 987 3714 distringor
1010 3629 1088 3696 satis
1112 3627 1238 3711 quidem
1261 3628 1329 3692 utili
1351 3626 1409 3694 sed
1432 3628 1651 3693 molestissimo
1675 3647 1774 3710 ecque
1798 3629 1858 3696 nisi
1880 3630 1926 3694 in·

322 3741 372 3800 tra
394 3735 554 3802 definitum
578 3736 725 3820 temporis
755 3737 890 3821 spatium
920 3737 1063 3803 absoluto
1093 3735 1187 3821 plane
1215 3734 1429 3820 desperando,
1465 3753 1527 3817 quo
1558 3735 1649 3800 simul
1679 3753 1771 3818 spero
1799 3737 1865 3802 fore
1894 3743 1929 3803 nt

322 3850 489 3908 excusetur
511 3843 594 3927 quud
617 3844 794 3910 accuratius
817 3843 919 3910 denuo
951 3866 1011 3910 non
1040 3843 1244 3928 pertractem,
1274 3843 1387 3926 quibus
1416 3843 1626 3928 panegyricos
1651 3841 1802 3911 adiuuare
1831 3864 1926 3928 posse

324 3949 398 4016 milri
423 3951 509 4017 uisus
533 3971 611 4017 sum.

1391 4040 1753 4148 Eyssenhardt
