4350 5326
1059 287 1218 410 jo-

493 501 539 564 lb.
565 506 615 582 12,
642 506 662 568 e
685 525 868 587 quemquam
899 507 978 566 euim
1000 504 1100 568 aditus
1127 505 1180 566 ereb
1203 508 1337 590 parisina
1365 509 1484 569 sordeo
1512 509 1701 588 uuallenrus,
1724 521 1822 572 tuuren
1844 511 1939 572 lutebr

332 614 453 675 rtr'cleiur
490 615 562 697 quio
596 615 739 676 uicino
770 613 1007 698 perfertur:
1043 616 1227 678 etosterortds'
1254 619 1436 700 praesumtio
1470 617 1524 680 dat
1554 620 1731 702 putrentium
1763 621 1937 684 meinradi.

332 729 458 806 practer
487 723 585 786 uerba
608 729 753 806 corrupte
779 725 851 808 qro'a
879 725 979 787 aiano
1006 727 1170 808 perfertur,
1192 743 1273 806 quse
1301 743 1341 788 ex
1364 726 1600 792 Arntzeniorum
1628 725 1764 793 editione
1795 729 1935 813 repetiui,

332 831 465 898 obscura
489 837 561 896 suut
585 831 680 896 etism
707 832 838 914 reliqua.
886 833 1075 898 conferenda
1105 841 1210 899 temen
1240 853 1322 916 quae
1351 836 1456 918 paullo
1478 843 1550 920 post
1571 847 1718 902 secuntur
1740 837 1807 925 (12,
1831 838 1868 924 4)
1889 862 1936 903 re·

332 955 450 1006 crentur·
480 946 599 1006 orriorus
628 947 781 1008 securitate
806 946 964 1028 praeteriti
992 947 1176 1030 censueritque
1205 946 1327 1030 reliquis
1356 946 1434 1009 ericii
1466 959 1505 1010 est
1534 951 1616 1033 quod
1645 953 1868 1036 supramodum
1897 953 1935 1014 tr'-

331 1056 529 1138 mendumque
550 1056 601 1134 sit,
630 1055 710 1138 qttod
733 1055 851 1139 olrbuid
878 1057 994 1118 uirium
1019 1059 1152 1120 uenturis
1168 1057 1416 1141 persolutionibus
1437 1069 1520 1142 repet
1542 1060 1600 1143 (its
1623 1069 1709 1125 reete
1731 1073 1808 1126 need
1832 1079 1936 1125 emen·

332 1163 420 1230 dauit
444 1161 633 1249 Liuineius):
662 1161 787 1228 uidetur
814 1163 909 1246 igitur
937 1173 1043 1230 nostro
1070 1165 1139 1232 loco
1161 1165 1333 1232 Eumenius
1356 1168 1693 1250 Augustoduuensibus
1717 1169 1868 1252 gratulari
1890 1189 1937 1235 re·

332 1274 428 1340 missa
451 1274 615 1340 anterioris
639 1273 787 1358 temporis
810 1275 926 1339 tributa
955 1285 987 1341 et
1009 1277 1107 1342 uerba
1129 1299 1312 1362 quornqrram
1333 1325 1367 1343 ..
1390 1279 1442 1342 aro
1462 1283 1594 1365 proseriae
1620 1285 1740 1344 suerio
1763 1284 1937 1346 mitram

331 1384 546 1468 intellegenda
568 1403 640 1450 csse
656 1383 696 1449 de
720 1385 843 1450 tributis
867 1385 968 1450 loturo
992 1392 1131 1472 tempore
1147 1386 1317 1453 soluendis.
1363 1397 1439 1473 puto
1462 1399 1565 1456 nutem
1588 1391 1772 1456 Eumenium
1796 1391 1936 1457 consulto

331 1495 472 1561 obscuris
497 1494 601 1560 uerbis
624 1515 714 1560 usum
738 1513 824 1561 esse:
854 1502 920 1561 tam
950 1497 1067 1564 misere
1097 1498 1180 1564 enim
1208 1505 1278 1564 crat
1306 1499 1422 1564 ciuium
1444 1500 1585 1566 condicio
1608 1509 1651 1584 ut,
1676 1521 1864 1585 quamquam
1888 1521 1935 1567 re·

331 1605 436 1671 missis
459 1625 541 1688 quac
564 1604 724 1670 debebant
746 1605 878 1691 tributis,
904 1610 956 1672 uix
980 1610 1100 1693 sperari
1123 1609 1259 1693 potuerit
1281 1610 1347 1676 sore
1375 1617 1410 1675 ut
1431 1619 1542 1695 posten
1566 1631 1648 1695 quae
1670 1611 1825 1678 soluenda
1846 1618 1937 1677 erant

331 1737 364 1782 re
389 1735 465 1781 uere
488 1715 713 1800 dependerent.
761 1716 819 1783 sed
843 1717 921 1782 haec
945 1716 1050 1784 dicere
1074 1739 1137 1784 non
1159 1719 1298 1784 audebat
1320 1720 1426 1802 itaque
1450 1722 1578 1788 mirifice
1601 1743 1636 1789 se
1660 1721 1869 1807 compluribus
1891 1721 1935 1786 lo·

332 1827 539 1910 detorquet,
569 1833 604 1890 nt
632 1827 803 1911 imperator
830 1827 993 1910 intelleget
1022 1848 1103 1911 qnae
1126 1829 1431 1912 Augustoduuenses
1459 1831 1692 1898 desiderabant.
1739 1831 1821 1916 qnod
1846 1831 1874 1898 si
1897 1851 1935 1896 eo

331 1938 370 2005 de
390 1955 451 2020 quo
467 1936 591 2020 agimus
606 1938 674 2004 loco
690 1937 730 2003 de
747 1938 867 2005 ciuibus
886 1957 959 2004 acre
975 1939 1078 2004 alieno
1093 1938 1233 2006 liberetis
1248 1938 1371 2024 dicitur,
1396 1941 1454 2007 hoc
1471 1942 1502 2008 iu
1525 1943 1678 2028 comuptis
1702 1942 1807 2008 uerbis
1830 1943 1935 2008 inesse

331 2049 436 2116 debet.
483 2067 584 2131 neque
607 2059 713 2114 tamen
736 2056 808 2114 unte
832 2050 991 2134 inspectos
1017 2057 1140 2116 ueteres
1169 2051 1264 2117 libros
1292 2059 1377 2118 reete
1399 2053 1496 2118 statui
1519 2061 1637 2138 potest:
1671 2052 1755 2137 quod
1783 2053 1866 2119 enim
1894 2071 1934 2118 ex

331 2181 388 2226 suo
412 2167 519 2225 uetere
543 2166 575 2224 et
596 2159 785 2225 Bertinicnsi
809 2159 968 2226 Liuineius
992 2160 1109 2244 laudat,
1140 2169 1195 2228 aut
1223 2182 1326 2228 errore
1350 2163 1455 2246 aliquo
1478 2164 1519 2230 ad
1544 2165 1612 2230 illos
1635 2164 1730 2230 libros
1752 2164 1858 2230 retulit
1879 2171 1935 2229 aut

330 2291 369 2336 nc
393 2271 422 2336 ei
446 2270 573 2353 quidem
597 2269 888 2354 interpolationibus
917 2291 1050 2338 uacussc
1079 2272 1228 2338 credendi
1251 2281 1334 2338 sunt.
1392 2273 1510 2340 habent
1532 2274 1614 2339 euim
1638 2274 1665 2338 si
1690 2274 1831 2340 Liuineio
1855 2273 1934 2363 tides

329 2387 402 2468 prtia
436 2385 576 2446 uicino
607 2404 713 2446 tremo
745 2381 995 2467 praefertur.
1070 2383 1101 2448 iu
1132 2383 1263 2448 Puteanl
1294 2383 1432 2450 editione
1470 2391 1520 2452 est
1557 2388 1630 2472 quib
1675 2409 1782 2450 neore
1820 2389 1934 2450 uitur·

323 2497 553 2580 praeterito
584 2500 691 2576 putem
723 2513 779 2577 pro
810 2497 924 2557 istor
954 2491 1154 2560 emendatum
1184 2513 1255 2561 esse
1286 2515 1307 2561 a
1335 2495 1460 2562 librario
1489 2495 1592 2579 aliquo
1622 2499 1782 2561 uicinos.
1833 2496 1932 2563 latere

329 2603 432 2690 potius
456 2602 580 2668 uidetur
602 2607 674 2689 prtia
696 2625 780 2669 nono
804 2607 989 2670 uincitur
1007 2609 1251 2690 praeterito,
1275 2607 1334 2676 sed
1357 2614 1391 2674 ut
1413 2607 1478 2674 dixi
1494 2615 1561 2674 tots
1576 2607 1616 2673 de
1632 2608 1691 2674 hcc
1705 2608 1774 2674 loco
1789 2607 1933 2693 quaestio

214 2725 216 2732 ’
329 2714 511 2800 amplianda
533 2721 591 2780 est.

489 2824 536 2890 lb.
563 2830 613 2908 13,
637 2831 709 2893 3..
735 2828 769 2890 o'rt
790 2839 886 2892 nuere
907 2829 965 2892 itta
986 2849 1019 2891 re
1035 2828 1160 2912 publico
1182 2831 1225 2893 od
1247 2850 1400 2894 censorum
1422 2831 1542 2896 todem
1561 2831 1735 2916 pertinebat,
1757 2832 1786 2892 si
1804 2830 1932 2892 laurum

319 2939 400 3020 felic
428 2939 639 3017 condidissent,
674 2940 703 3000 ei
727 2938 835 3001 horreo
866 2941 965 3002 mereri
998 2939 1159 3024 implesset,
1192 2942 1221 3003 si
1245 2942 1402 3005 scindentia
1431 2942 1638 3020 redundasset,
1665 2943 1695 3002 si
1713 2941 1823 3001 obieeta
1844 2939 1931 3018 torpa

318 3051 486 3134 flammant.
533 3050 608 3134 quid
631 3069 699 3134 erpo
721 3071 775 3112 nos
797 3053 931 3114 commu
953 3052 1105 3134 portos·
1124 3051 1162 3114 cle
1183 3051 1237 3114 boe
1258 3051 1460 3136 iuduipentiae
1482 3062 1550 3114 tuos
1571 3050 1682 3112 lustro?
1720 3048 1822 3126 tuere,
1844 3065 1930 3131 quo,

327 3163 392 3224 licet
413 3161 500 3224 uallo
518 3159 650 3244 Jiopoor
688 3164 864 3224 cessarit
898 3161 1031 3241 uoto,
1060 3161 1164 3246 fecisti
1191 3174 1289 3226 mosen
1316 3174 1349 3226 ut
1376 3166 1477 3226 mrrrrio
1497 3162 1659 3226 euenor
1677 3159 1776 3246 sorbes
1797 3157 1932 3242 lorpiora

328 3295 420 3357 porri
432 3272 564 3356 sanim.
610 3277 705 3336 totam
737 3269 924 3338 sententiam
953 3253 1136 3356 peruertunt
1164 3272 1261 3338 uerba
1289 3272 1428 3358 illapso
1457 3275 1522 3338 lieet
1550 3271 1636 3334 uada
1652 3271 1787 3355 stupam
1814 3269 1931 3334 remu

326 3384 517 3448 absumere
540 3400 618 3447 nera
639 3381 721 3446 enim
746 3401 873 3468 prorsus
896 3382 1001 3474 nulle
1022 3380 1146 3462 frugum
1170 3383 1297 3448 ubertas
1321 3383 1424 3448 luerat
1446 3381 1503 3448 scd
1527 3379 1666 3448 remissis
1681 3379 1805 3446 tributis
1828 3377 1933 3444 omnia

326 3492 387 3558 sibi
409 3492 526 3558 habere
550 3491 852 3576 Augustoduneuses
876 3492 1074 3558 uidebantur:
1098 3493 1181 3558 banc
1203 3513 1310 3560 ueram
1333 3511 1405 3560 esse
1428 3492 1560 3558 oratoris
1587 3491 1775 3558 sententiam
1799 3508 1869 3555 oum
1892 3508 1932 3554 ex

326 3604 373 3670 eis
398 3623 479 3686 quac
503 3603 694 3671 antecedunt
716 3611 850 3689 apparet
872 3611 936 3668 tum
960 3603 1158 3688 apertissime
1181 3604 1350 3670 ostendunt
1371 3623 1454 3687 quae
1477 3610 1625 3670 secuntur
1646 3599 1745 3668 ‘ualet
1767 3601 1850 3668 enim
1874 3618 1931 3664 nos
2052 3599 2058 3610 “

326 3721 445 3783 tantum
469 3713 617 3782 habuisse
641 3723 791 3800 quantum
815 3713 932 3781 hebere
956 3710 1141 3781 desiuimus'
1166 3716 1226 3802 (ita
1241 3715 1321 3782 bene
1338 3715 1514 3782 Liuineius:
1537 3713 1670 3779 inlibris
1692 3715 1931 3796 esteeintrme)

324 3827 427 3892 ‘ualet
449 3825 544 3910 plene
566 3826 664 3893 fuisse
687 3827 814 3910 horrea,
840 3827 952 3912 plenas
976 3825 1087 3909 cellas,
1113 3846 1182 3893 cum
1206 3828 1238 3892 in
1261 3827 1354 3894 nullis
1376 3826 1503 3911 reliquis
1527 3825 1723 3890 haereamus.
1769 3823 1841 3888 boc
1869 3839 1931 3885 no-

326 3939 387 4005 bis
416 3945 481 4004 est
503 3937 582 4004 iste
604 3938 768 4022 largitio
792 3936 889 4021 quod
913 3945 1018 4002 terra
1039 3946 1163 4006 mater
1184 3939 1350 4022 frugum,
1375 3938 1457 4022 quod
1480 3936 1620 4022 luppiter
1642 3934 1819 4001 moderator
1841 3951 1931 3997 auro·

325 4071 402 4116 rum.
450 4047 641 4133 quidquid
669 4048 730 4114 illi
754 4049 916 4135 parcius
939 4047 1147 4133 dederant,
1180 4049 1291 4116 nobis
1315 4058 1445 4116 temen
1478 4070 1523 4116 ex
1546 4047 1743 4115 beneficio
1772 4051 1835 4110 tuo
1864 4063 1929 4108 na-

324 4171 401 4229 tum
432 4155 511 4229 cst'
558 4159 755 4225 nostroloco
778 4165 952 4225 otrentum
976 4160 1159 4226 restituatur
1185 4161 1347 4226 lenissime
1374 4161 1543 4227 mutatione
1571 4158 1724 4226 efficietur
1754 4156 1781 4222 si
1809 4173 1931 4221 mecum

326 4273 479 4339 scribetur
508 4274 615 4358 quod
644 4273 710 4337 tr'cct
730 4273 817 4337 nulia
842 4271 975 4358 yiuprrm
1001 4272 1128 4338 boarit
1155 4273 1281 4338 mutos.
1328 4272 1444 4338 beandi
1467 4273 1562 4338 uerbo
1590 4272 1674 4337 idem
1698 4287 1773 4335 usus
1796 4275 1846 4334 est
1869 4268 1930 4332 llu-

326 4385 447 4450 menius
477 4401 592 4466 paneg.
640 4382 825 4450 Constantio
855 4382 948 4449 Caes.
971 4383 1003 4448 d.
1027 4387 1058 4466 4,
1083 4389 1105 4452 4
1127 4385 1256 4449 saluas·
1282 4385 1373 4448 brun
1400 4386 1463 4449 lore
1490 4385 1677 4468 mousom.

485 4494 521 4558 Iu
542 4500 684 4558 extreme
704 4493 853 4560 orationis
874 4500 963 4578 perte
982 4495 1153 4560 Eumenius
1177 4493 1320 4579 depingit
1343 4494 1581 4578 gaudiumque
1601 4492 1713 4557 ciuiles
1731 4489 1931 4575 Augustodu-

327 4603 432 4670 nensis
456 4604 634 4669 exultature
656 4605 698 4670 sit
714 4603 919 4670 Constantino
943 4603 1142 4670 adueniente.
1181 4605 1353 4672 haeserunt
1375 4613 1479 4671 autem
1503 4605 1688 4688 interpretes
1712 4603 1742 4668 in
1760 4603 1846 4670 bisce
1862 4621 1930 4666 ora-

326 4716 401 4781 toris
418 4714 523 4780 uerbis
539 4719 605 4799 (14,
624 4719 659 4798 4)
671 4720 847 4801 praesertim
862 4739 929 4780 aem
951 4729 983 4780 tu
998 4719 1133 4781 onmem
1146 4729 1280 4780 nostrum
1303 4725 1490 4781 contestatos·
1512 4718 1685 4798 adveneris,
1707 4727 1732 4780 el
1752 4715 1840 4799 quom‘
1864 4715 1931 4778 itte

325 4830 485 4892 euomuerit
510 4839 579 4891 tuae
601 4849 694 4892 comes
716 4839 743 4891 et
763 4831 868 4910 maios,
881 4829 1028 4915 floprubit
1049 4839 1109 4892 totu
1132 4831 1247 4911 nudos,
1269 4831 1390 4915 quadiis
1408 4840 1569 4915 perstrepet
1590 4841 1626 4910 et,
1648 4850 1717 4892 urm
1725 4826 1932 4911 proficisceres,

324 4939 447 5016 soture
467 4939 609 5004 roseo.
656 4937 719 5004 alia
742 4940 783 5004 ab
806 4940 878 5007 aliis
902 4941 1024 5028 prolata
1047 4947 1132 5006 sunt:
1155 4939 1280 5007 inerunt
1301 4941 1384 5008 euim
1405 4940 1518 5024 quide
1540 4935 1736 5006 Constantini
1760 4935 1823 5004 lilio
1846 4936 1930 5026 cogi·
