<?xml version="1.0" encoding="UTF-8"?>
<!DOCTYPE html PUBLIC "-//W3C//DTD XHTML 1.0 Transitional//EN"
    "http://www.w3.org/TR/xhtml1/DTD/xhtml1-transitional.dtd">
<html xmlns="http://www.w3.org/1999/xhtml" xml:lang="en" lang="en">
 <head>
  <title>
</title>
<meta http-equiv="Content-Type" content="text/html;charset=utf-8" />
  <meta name='ocr-system' content='tesseract 3.04.00' />
  <meta name='ocr-capabilities' content='ocr_page ocr_carea ocr_par ocr_line ocrx_word'/>
</head>
<body>
  <div class='ocr_page' id='page_1' title='image "./lectionespanegy00eyssgoog_0012.png"; bbox 0 0 4350 5326; ppageno 0'>
   <div class='ocr_carea' id='block_1_1' title="bbox 985 263 1092 348">
    <p class='ocr_par' dir='ltr' id='par_1_1' title="bbox 985 263 1092 348">
     <span class='ocr_line' id='line_1_1' title="bbox 985 263 1092 348; baseline 0 0"><span class='ocrx_word' id='word_1_1' title='bbox 985 339 989 348; x_wconf 90' lang='lat'>.</span> <span class='ocrx_word' id='word_1_2' title='bbox 1065 263 1092 348; x_wconf 83' lang='lat'>5</span> 
     </span>
    </p>
   </div>
   <div class='ocr_carea' id='block_1_2' title="bbox 198 474 1883 1459">
    <p class='ocr_par' dir='ltr' id='par_1_2' title="bbox 198 474 1883 1459">
     <span class='ocr_line' id='line_1_2' title="bbox 438 474 1880 565; baseline -0.006 -17"><span class='ocrx_word' id='word_1_3' title='bbox 438 484 479 548; x_wconf 75' lang='lat' dir='ltr'>bt</span> <span class='ocrx_word' id='word_1_4' title='bbox 503 483 551 548; x_wconf 90' lang='lat' dir='ltr'>his</span> <span class='ocrx_word' id='word_1_5' title='bbox 574 481 699 565; x_wconf 88' lang='lat' dir='ltr'>quidem</span> <span class='ocrx_word' id='word_1_6' title='bbox 724 499 786 545; x_wconf 94' lang='lat' dir='ltr'>non</span> <span class='ocrx_word' id='word_1_7' title='bbox 809 479 961 563; x_wconf 79' lang='lat' dir='ltr'>expositis</span> <span class='ocrx_word' id='word_1_8' title='bbox 984 479 1041 545; x_wconf 91' lang='lat' dir='ltr'>sed</span> <span class='ocrx_word' id='word_1_9' title='bbox 1065 478 1220 544; x_wconf 78' lang='lat' dir='ltr'>incohatis</span> <span class='ocrx_word' id='word_1_10' title='bbox 1251 517 1293 527; x_wconf 90' lang='lat'><em>-</em></span> <span class='ocrx_word' id='word_1_11' title='bbox 1324 477 1486 563; x_wconf 88' lang='lat' dir='ltr'>perficiam</span> <span class='ocrx_word' id='word_1_12' title='bbox 1516 483 1621 541; x_wconf 89' lang='lat' dir='ltr'>autem</span> <span class='ocrx_word' id='word_1_13' title='bbox 1652 495 1713 540; x_wconf 94' lang='lat' dir='ltr'>non</span> <span class='ocrx_word' id='word_1_14' title='bbox 1737 495 1800 561; x_wconf 86' lang='lat' dir='ltr'>ego</span> <span class='ocrx_word' id='word_1_15' title='bbox 1822 474 1880 541; x_wconf 91' lang='lat' dir='ltr'>sed</span> 
     </span>
     <span class='ocr_line' id='line_1_3' title="bbox 277 587 1883 679; baseline -0.006 -19"><span class='ocrx_word' id='word_1_16' title='bbox 277 596 326 660; x_wconf 89' lang='lat' dir='ltr'>cui</span> <span class='ocrx_word' id='word_1_17' title='bbox 350 594 456 660; x_wconf 79' lang='lat' dir='ltr'>licebit</span> <span class='ocrx_word' id='word_1_18' title='bbox 478 613 536 679; x_wconf 88' lang='lat' dir='ltr'>per</span> <span class='ocrx_word' id='word_1_19' title='bbox 559 593 694 660; x_wconf 83' lang='lat' dir='ltr'>Galliam</span> <span class='ocrx_word' id='word_1_20' title='bbox 718 598 751 657; x_wconf 91' lang='lat' dir='ltr'>et</span> <span class='ocrx_word' id='word_1_21' title='bbox 773 591 895 656; x_wconf 89' lang='lat' dir='ltr'>ltaliam</span> <span class='ocrx_word' id='word_1_22' title='bbox 920 591 967 656; x_wconf 89' lang='lat' dir='ltr'>his</span> <span class='ocrx_word' id='word_1_23' title='bbox 991 590 1085 657; x_wconf 89' lang='lat' dir='ltr'>rebus</span> <span class='ocrx_word' id='word_1_24' title='bbox 1114 591 1267 656; x_wconf 90' lang='lat' dir='ltr'>intentum</span> <span class='ocrx_word' id='word_1_25' title='bbox 1295 590 1385 654; x_wconf 88' lang='lat' dir='ltr'>otiari</span> <span class='ocrx_word' id='word_1_26' title='bbox 1416 627 1457 638; x_wconf 86' lang='lat'>-</span> <span class='ocrx_word' id='word_1_27' title='bbox 1485 587 1642 672; x_wconf 85' lang='lat' dir='ltr'>proferam</span> <span class='ocrx_word' id='word_1_28' title='bbox 1669 587 1771 652; x_wconf 89' lang='lat' dir='ltr'>minus</span> <span class='ocrx_word' id='word_1_29' title='bbox 1795 594 1883 651; x_wconf 88' lang='lat' dir='ltr'>certa</span> 
     </span>
     <span class='ocr_line' id='line_1_4' title="bbox 277 697 1882 789; baseline -0.005 -19"><span class='ocrx_word' id='word_1_30' title='bbox 277 706 401 789; x_wconf 90' lang='lat' dir='ltr'>quidem</span> <span class='ocrx_word' id='word_1_31' title='bbox 429 706 488 772; x_wconf 91' lang='lat' dir='ltr'>sed</span> <span class='ocrx_word' id='word_1_32' title='bbox 516 713 548 772; x_wconf 90' lang='lat' dir='ltr'>ct</span> <span class='ocrx_word' id='word_1_33' title='bbox 577 705 647 789; x_wconf 89' lang='lat' dir='ltr'>ipsa</span> <span class='ocrx_word' id='word_1_34' title='bbox 676 703 868 768; x_wconf 85' lang='lat' dir='ltr'>necessaria.</span> <span class='ocrx_word' id='word_1_35' title='bbox 914 702 1012 768; x_wconf 88' lang='lat' dir='ltr'>multa</span> <span class='ocrx_word' id='word_1_36' title='bbox 1040 703 1124 768; x_wconf 92' lang='lat' dir='ltr'>enim</span> <span class='ocrx_word' id='word_1_37' title='bbox 1153 708 1321 786; x_wconf 82' lang='lat' dir='ltr'>supersunt</span> <span class='ocrx_word' id='word_1_38' title='bbox 1348 699 1465 766; x_wconf 88' lang='lat' dir='ltr'>menda</span> <span class='ocrx_word' id='word_1_39' title='bbox 1492 719 1593 782; x_wconf 80' lang='lat' dir='ltr'>nequre</span> <span class='ocrx_word' id='word_1_40' title='bbox 1618 718 1638 762; x_wconf 92' lang='lat' dir='ltr'>a</span> <span class='ocrx_word' id='word_1_41' title='bbox 1660 697 1803 764; x_wconf 85' lang='lat' dir='ltr'>Liuineio</span> <span class='ocrx_word' id='word_1_42' title='bbox 1828 703 1882 763; x_wconf 90' lang='lat' dir='ltr'>aut</span> 
     </span>
     <span class='ocr_line' id='line_1_5' title="bbox 198 808 1880 898; baseline -0.006 -16"><span class='ocrx_word' id='word_1_43' title='bbox 198 869 207 892; x_wconf 81' lang='grc'><strong>.</strong></span> <span class='ocrx_word' id='word_1_44' title='bbox 276 817 418 882; x_wconf 81' lang='lat' dir='ltr'>Acidalio</span> <span class='ocrx_word' id='word_1_45' title='bbox 434 816 559 883; x_wconf 87' lang='lat' dir='ltr'>sublata</span> <span class='ocrx_word' id='word_1_46' title='bbox 574 833 676 896; x_wconf 90' lang='lat' dir='ltr'>neque</span> <span class='ocrx_word' id='word_1_47' title='bbox 692 814 837 880; x_wconf 89' lang='lat' dir='ltr'>librorum</span> <span class='ocrx_word' id='word_1_48' title='bbox 855 814 1149 898; x_wconf 88' lang='lat' dir='ltr'>manuscriptorum</span> <span class='ocrx_word' id='word_1_49' title='bbox 1165 833 1234 898; x_wconf 90' lang='lat' dir='ltr'>ope,</span> <span class='ocrx_word' id='word_1_50' title='bbox 1260 813 1387 879; x_wconf 90' lang='lat' dir='ltr'>sirecte</span> <span class='ocrx_word' id='word_1_51' title='bbox 1405 830 1549 896; x_wconf 88' lang='lat' dir='ltr'>auguror,</span> <span class='ocrx_word' id='word_1_52' title='bbox 1573 829 1720 893; x_wconf 88' lang='lat' dir='ltr'>umquam</span> <span class='ocrx_word' id='word_1_53' title='bbox 1732 808 1880 874; x_wconf 90' lang='lat' dir='ltr'>tollenda.</span> 
     </span>
     <span class='ocr_line' id='line_1_6' title="bbox 275 921 1880 1010; baseline -0.006 -17"><span class='ocrx_word' id='word_1_54' title='bbox 275 947 367 1010; x_wconf 91' lang='lat' dir='ltr'>quam</span> <span class='ocrx_word' id='word_1_55' title='bbox 391 928 474 994; x_wconf 90' lang='lat' dir='ltr'>enim</span> <span class='ocrx_word' id='word_1_56' title='bbox 499 935 606 992; x_wconf 88' lang='lat' dir='ltr'>nostra</span> <span class='ocrx_word' id='word_1_57' title='bbox 627 924 820 1010; x_wconf 84' lang='lat' dir='ltr'>exemplaria</span> <span class='ocrx_word' id='word_1_58' title='bbox 847 923 949 990; x_wconf 90' lang='lat' dir='ltr'>labem</span> <span class='ocrx_word' id='word_1_59' title='bbox 979 931 1151 990; x_wconf 84' lang='lat' dir='ltr'>traxerunt·</span> <span class='ocrx_word' id='word_1_60' title='bbox 1169 923 1210 990; x_wconf 91' lang='lat' dir='ltr'>ad</span> <span class='ocrx_word' id='word_1_61' title='bbox 1239 945 1333 990; x_wconf 91' lang='lat' dir='ltr'>unum</span> <span class='ocrx_word' id='word_1_62' title='bbox 1362 923 1468 989; x_wconf 89' lang='lat' dir='ltr'>omnia</span> <span class='ocrx_word' id='word_1_63' title='bbox 1501 922 1562 986; x_wconf 90' lang='lat' dir='ltr'>iam</span> <span class='ocrx_word' id='word_1_64' title='bbox 1591 921 1719 1004; x_wconf 75' lang='lat' dir='ltr'>audquo</span> <span class='ocrx_word' id='word_1_65' title='bbox 1742 929 1880 1006; x_wconf 90' lang='lat' dir='ltr'>tempore</span> 
     </span>
     <span class='ocr_line' id='line_1_7' title="bbox 275 1027 1881 1120; baseline -0.005 -17"><span class='ocrx_word' id='word_1_66' title='bbox 275 1039 304 1103; x_wconf 88' lang='lat' dir='ltr'>ei</span> <span class='ocrx_word' id='word_1_67' title='bbox 328 1037 428 1104; x_wconf 89' lang='lat' dir='ltr'>codici</span> <span class='ocrx_word' id='word_1_68' title='bbox 453 1038 570 1102; x_wconf 87' lang='lat' dir='ltr'>illatam</span> <span class='ocrx_word' id='word_1_69' title='bbox 594 1057 666 1103; x_wconf 89' lang='lat' dir='ltr'>esse</span> <span class='ocrx_word' id='word_1_70' title='bbox 690 1057 730 1102; x_wconf 86' lang='lat' dir='ltr'>ex</span> <span class='ocrx_word' id='word_1_71' title='bbox 746 1057 807 1120; x_wconf 87' lang='lat' dir='ltr'>quo</span> <span class='ocrx_word' id='word_1_72' title='bbox 822 1037 918 1102; x_wconf 90' lang='lat' dir='ltr'>ceteri</span> <span class='ocrx_word' id='word_1_73' title='bbox 942 1037 1095 1120; x_wconf 86' lang='lat' dir='ltr'>originem</span> <span class='ocrx_word' id='word_1_74' title='bbox 1112 1037 1265 1102; x_wconf 86' lang='lat' dir='ltr'>duxeruut</span> <span class='ocrx_word' id='word_1_75' title='bbox 1281 1053 1350 1101; x_wconf 90' lang='lat' dir='ltr'>eum</span> <span class='ocrx_word' id='word_1_76' title='bbox 1367 1033 1430 1100; x_wconf 88' lang='lat' dir='ltr'>alia</span> <span class='ocrx_word' id='word_1_77' title='bbox 1452 1033 1587 1100; x_wconf 80' lang='lat' dir='ltr'><strong>suadent</strong></span> <span class='ocrx_word' id='word_1_78' title='bbox 1608 1040 1672 1098; x_wconf 91' lang='lat' dir='ltr'>tum</span> <span class='ocrx_word' id='word_1_79' title='bbox 1688 1033 1746 1098; x_wconf 91' lang='lat' dir='ltr'>loci</span> <span class='ocrx_word' id='word_1_80' title='bbox 1764 1027 1881 1114; x_wconf 87' lang='lat' dir='ltr'>aliquot</span> 
     </span>
     <span class='ocr_line' id='line_1_8' title="bbox 274 1142 1880 1234; baseline -0.006 -18"><span class='ocrx_word' id='word_1_81' title='bbox 274 1150 387 1234; x_wconf 90' lang='lat' dir='ltr'>quibus</span> <span class='ocrx_word' id='word_1_82' title='bbox 410 1155 518 1234; x_wconf 88' lang='lat' dir='ltr'>aperte</span> <span class='ocrx_word' id='word_1_83' title='bbox 542 1149 719 1214; x_wconf 86' lang='lat' dir='ltr'>sententiae</span> <span class='ocrx_word' id='word_1_84' title='bbox 743 1157 983 1231; x_wconf 87' lang='lat' dir='ltr'>quantacunque</span> <span class='ocrx_word' id='word_1_85' title='bbox 1011 1148 1070 1213; x_wconf 81' lang='lat' dir='ltr'>suit</span> <span class='ocrx_word' id='word_1_86' title='bbox 1097 1147 1253 1233; x_wconf 89' lang='lat' dir='ltr'>particula</span> <span class='ocrx_word' id='word_1_87' title='bbox 1274 1145 1443 1212; x_wconf 81' lang='lat' dir='ltr'>intercidit.</span> <span class='ocrx_word' id='word_1_88' title='bbox 1490 1145 1634 1212; x_wconf 83' lang='lat' dir='ltr'>Eumenii</span> <span class='ocrx_word' id='word_1_89' title='bbox 1657 1143 1727 1230; x_wconf 86' lang='lat' dir='ltr'>(pro</span> <span class='ocrx_word' id='word_1_90' title='bbox 1749 1142 1880 1208; x_wconf 89' lang='lat' dir='ltr'>instaur.</span> 
     </span>
     <span class='ocr_line' id='line_1_9' title="bbox 274 1256 1883 1345; baseline -0.005 -20"><span class='ocrx_word' id='word_1_91' title='bbox 274 1259 373 1325; x_wconf 88' lang='lat' dir='ltr'>schol.</span> <span class='ocrx_word' id='word_1_92' title='bbox 404 1259 455 1344; x_wconf 85' lang='lat'>13)</span> <span class='ocrx_word' id='word_1_93' title='bbox 479 1261 558 1326; x_wconf 78' lang='lat' dir='ltr'>llaec</span> <span class='ocrx_word' id='word_1_94' title='bbox 582 1267 654 1326; x_wconf 90' lang='lat' dir='ltr'>suut</span> <span class='ocrx_word' id='word_1_95' title='bbox 676 1261 774 1325; x_wconf 87' lang='lat' dir='ltr'>uerba</span> <span class='ocrx_word' id='word_1_96' title='bbox 796 1283 837 1324; x_wconf 88' lang='lat' dir='ltr'>an</span> <span class='ocrx_word' id='word_1_97' title='bbox 858 1263 887 1324; x_wconf 85' lang='lat' dir='ltr'>ai</span> <span class='ocrx_word' id='word_1_98' title='bbox 898 1261 1140 1345; x_wconf 75' lang='lat' dir='ltr'>sombaimiairi</span> <span class='ocrx_word' id='word_1_99' title='bbox 1159 1263 1193 1324; x_wconf 88' lang='lat' dir='ltr'>in</span> <span class='ocrx_word' id='word_1_100' title='bbox 1214 1262 1308 1332; x_wconf 64' lang='lat' dir='ltr'>sacrm</span> <span class='ocrx_word' id='word_1_101' title='bbox 1328 1259 1538 1323; x_wconf 80' lang='lat' dir='ltr'>catominibua</span> <span class='ocrx_word' id='word_1_102' title='bbox 1552 1279 1666 1322; x_wconf 78' lang='lat' dir='ltr'>musmo</span> <span class='ocrx_word' id='word_1_103' title='bbox 1682 1256 1883 1339; x_wconf 52' lang='lat' dir='ltr'>laboremque&amp;</span> 
     </span>
     <span class='ocr_line' id='line_1_10' title="bbox 276 1367 1882 1459; baseline -0.004 -23"><span class='ocrx_word' id='word_1_104' title='bbox 276 1375 363 1436; x_wconf 86' lang='lat' dir='ltr'>etium</span> <span class='ocrx_word' id='word_1_105' title='bbox 384 1375 464 1438; x_wconf 80' lang='lat' dir='ltr'>udae</span> <span class='ocrx_word' id='word_1_106' title='bbox 481 1373 618 1459; x_wconf 83' lang='lat' dir='ltr'>pericula</span> <span class='ocrx_word' id='word_1_107' title='bbox 641 1374 736 1436; x_wconf 83' lang='lat' dir='ltr'>solam</span> <span class='ocrx_word' id='word_1_108' title='bbox 757 1393 860 1436; x_wconf 80' lang='lat' dir='ltr'>uocem</span> <span class='ocrx_word' id='word_1_109' title='bbox 878 1375 1036 1457; x_wconf 79' lang='lat' dir='ltr'>praeconia</span> <span class='ocrx_word' id='word_1_110' title='bbox 1059 1383 1085 1437; x_wconf 82' lang='lat' dir='ltr'>et</span> <span class='ocrx_word' id='word_1_111' title='bbox 1107 1393 1232 1436; x_wconf 86' lang='lat' dir='ltr'>coronae</span> <span class='ocrx_word' id='word_1_112' title='bbox 1260 1375 1458 1436; x_wconf 83' lang='lat' dir='ltr'>testimoniam</span> <span class='ocrx_word' id='word_1_113' title='bbox 1474 1381 1597 1456; x_wconf 80' lang='lat' dir='ltr'>petam,</span> <span class='ocrx_word' id='word_1_114' title='bbox 1627 1389 1678 1456; x_wconf 81' lang='lat' dir='ltr'>epo</span> <span class='ocrx_word' id='word_1_115' title='bbox 1705 1368 1798 1432; x_wconf 77' lang='lat' dir='ltr'>nenda</span> <span class='ocrx_word' id='word_1_116' title='bbox 1825 1367 1882 1430; x_wconf 78' lang='lat' dir='ltr'>itta</span> 
     </span>
    </p>
   </div>
   <div class='ocr_carea' id='block_1_3' title="bbox 274 1479 1993 1570">
    <p class='ocr_par' dir='ltr' id='par_1_3' title="bbox 274 1479 1993 1570">
     <span class='ocr_line' id='line_1_11' title="bbox 274 1479 1993 1570; baseline -0.005 -22"><span class='ocrx_word' id='word_1_117' title='bbox 274 1485 383 1548; x_wconf 72' lang='lat' dir='ltr'>diuina</span> <span class='ocrx_word' id='word_1_118' title='bbox 405 1485 592 1569; x_wconf 77' lang='lat' dir='ltr'>caelatasque</span> <span class='ocrx_word' id='word_1_119' title='bbox 614 1486 734 1564; x_wconf 78' lang='lat' dir='ltr'>litterae,</span> <span class='ocrx_word' id='word_1_120' title='bbox 758 1483 865 1568; x_wconf 70' lang='lat' dir='ltr'>quibua</span> <span class='ocrx_word' id='word_1_121' title='bbox 887 1484 966 1548; x_wconf 69' lang='lat' dir='ltr'>nabi</span> <span class='ocrx_word' id='word_1_122' title='bbox 985 1487 1063 1548; x_wconf 81' lang='lat' dir='ltr'>tanti</span> <span class='ocrx_word' id='word_1_123' title='bbox 1078 1487 1233 1570; x_wconf 70' lang='lat' dir='ltr'>princepae</span> <span class='ocrx_word' id='word_1_124' title='bbox 1254 1485 1467 1547; x_wconf 72' lang='lat' dir='ltr'>indicendam</span> <span class='ocrx_word' id='word_1_125' title='bbox 1480 1485 1662 1546; x_wconf 75' lang='lat' dir='ltr'>abominatam</span> <span class='ocrx_word' id='word_1_126' title='bbox 1676 1479 1882 1562; x_wconf 78' lang='lat' dir='ltr'>concinendam</span> <span class='ocrx_word' id='word_1_127' title='bbox 1991 1507 1993 1516; x_wconf 92' lang='grc'><em>·</em></span> 
     </span>
    </p>
   </div>
   <div class='ocr_carea' id='block_1_4' title="bbox 266 1591 1943 5017">
    <p class='ocr_par' dir='ltr' id='par_1_4' title="bbox 272 1591 1882 2457">
     <span class='ocr_line' id='line_1_12' title="bbox 273 1591 1882 1682; baseline -0.002 -24"><span class='ocrx_word' id='word_1_128' title='bbox 273 1597 393 1680; x_wconf 73' lang='lat' dir='ltr'>dipacati</span> <span class='ocrx_word' id='word_1_129' title='bbox 412 1607 481 1658; x_wconf 73' lang='lat' dir='ltr'>aare</span> <span class='ocrx_word' id='word_1_130' title='bbox 502 1616 565 1658; x_wconf 88' lang='lat' dir='ltr'>non</span> <span class='ocrx_word' id='word_1_131' title='bbox 586 1596 668 1658; x_wconf 78' lang='lat' dir='ltr'>ultra</span> <span class='ocrx_word' id='word_1_132' title='bbox 690 1597 825 1658; x_wconf 82' lang='lat' dir='ltr'>omnium</span> <span class='ocrx_word' id='word_1_133' title='bbox 846 1615 955 1658; x_wconf 82' lang='lat' dir='ltr'>nocam</span> <span class='ocrx_word' id='word_1_134' title='bbox 971 1599 1139 1680; x_wconf 85' lang='lat' dir='ltr'>potentiam</span> <span class='ocrx_word' id='word_1_135' title='bbox 1160 1595 1390 1660; x_wconf 79' lang='lat' dir='ltr'>uenerabundus</span> <span class='ocrx_word' id='word_1_136' title='bbox 1412 1597 1577 1682; x_wconf 73' lang='lat' dir='ltr'>dampnans,</span> <span class='ocrx_word' id='word_1_137' title='bbox 1598 1615 1659 1657; x_wconf 89' lang='lat' dir='ltr'>non</span> <span class='ocrx_word' id='word_1_138' title='bbox 1681 1591 1762 1656; x_wconf 83' lang='lat' dir='ltr'>altra</span> <span class='ocrx_word' id='word_1_139' title='bbox 1784 1611 1882 1654; x_wconf 79' lang='lat' dir='ltr'>onenea</span> 
     </span>
     <span class='ocr_line' id='line_1_13' title="bbox 272 1702 1882 1792; baseline -0.003 -22"><span class='ocrx_word' id='word_1_140' title='bbox 272 1708 392 1770; x_wconf 81' lang='lat' dir='ltr'>laureas</span> <span class='ocrx_word' id='word_1_141' title='bbox 414 1707 529 1770; x_wconf 76' lang='lat' dir='ltr'>colora?</span> <span class='ocrx_word' id='word_1_142' title='bbox 561 1727 635 1790; x_wconf 79' lang='lat' dir='ltr'>pam</span> <span class='ocrx_word' id='word_1_143' title='bbox 658 1726 727 1791; x_wconf 81' lang='lat' dir='ltr'>apo,</span> <span class='ocrx_word' id='word_1_144' title='bbox 756 1707 808 1769; x_wconf 81' lang='lat' dir='ltr'>nie</span> <span class='ocrx_word' id='word_1_145' title='bbox 830 1702 1061 1791; x_wconf 78' lang='lat' dir='ltr'>perfectebm&#39;me.</span> <span class='ocrx_word' id='word_1_146' title='bbox 1096 1719 1194 1772; x_wconf 68' lang='lat' dir='ltr'>tuanen</span> <span class='ocrx_word' id='word_1_147' title='bbox 1217 1709 1270 1772; x_wconf 74' lang='lat' dir='ltr'>etei</span> <span class='ocrx_word' id='word_1_148' title='bbox 1289 1707 1367 1770; x_wconf 87' lang='lat' dir='ltr'>bano</span> <span class='ocrx_word' id='word_1_149' title='bbox 1389 1727 1504 1792; x_wconf 75' lang='lat' dir='ltr'>quoqne</span> <span class='ocrx_word' id='word_1_150' title='bbox 1524 1706 1602 1770; x_wconf 79' lang='lat' dir='ltr'>neilli</span> <span class='ocrx_word' id='word_1_151' title='bbox 1622 1707 1742 1770; x_wconf 86' lang='lat' dir='ltr'>neniam</span> <span class='ocrx_word' id='word_1_152' title='bbox 1769 1702 1882 1766; x_wconf 76' lang='lat' dir='ltr'>trabam</span> 
     </span>
     <span class='ocr_line' id='line_1_14' title="bbox 274 1815 1881 1906; baseline -0.002 -26"><span class='ocrx_word' id='word_1_153' title='bbox 274 1828 404 1906; x_wconf 79' lang='lat' dir='ltr'>oportet:</span> <span class='ocrx_word' id='word_1_154' title='bbox 427 1838 520 1901; x_wconf 76' lang='lat' dir='ltr'>neque</span> <span class='ocrx_word' id='word_1_155' title='bbox 543 1819 622 1890; x_wconf 81' lang='lat' dir='ltr'>enim</span> <span class='ocrx_word' id='word_1_156' title='bbox 635 1816 808 1902; x_wconf 70' lang='lat' dir='ltr'>scripsisse</span> <span class='ocrx_word' id='word_1_157' title='bbox 831 1819 972 1903; x_wconf 70' lang='lat' dir='ltr'>epistulae</span> <span class='ocrx_word' id='word_1_158' title='bbox 992 1841 1096 1884; x_wconf 83' lang='lat' dir='ltr'>sacrae</span> <span class='ocrx_word' id='word_1_159' title='bbox 1118 1821 1423 1884; x_wconf 74' lang='lat' dir='ltr'>commemorationem</span> <span class='ocrx_word' id='word_1_160' title='bbox 1450 1817 1544 1882; x_wconf 78' lang='lat' dir='ltr'>colum</span> <span class='ocrx_word' id='word_1_161' title='bbox 1565 1820 1628 1882; x_wconf 88' lang='lat' dir='ltr'>sine</span> <span class='ocrx_word' id='word_1_162' title='bbox 1650 1815 1783 1900; x_wconf 70' lang='lat' dir='ltr'>obseptio</span> <span class='ocrx_word' id='word_1_163' title='bbox 1805 1815 1881 1876; x_wconf 86' lang='lat' dir='ltr'>reoi-</span> 
     </span>
     <span class='ocr_line' id='line_1_15' title="bbox 274 1925 1880 2011; baseline -0.002 -21"><span class='ocrx_word' id='word_1_164' title='bbox 274 1931 394 1992; x_wconf 79' lang='lat' dir='ltr'>taaonir</span> <span class='ocrx_word' id='word_1_165' title='bbox 415 1931 565 1992; x_wconf 71' lang='lat' dir='ltr'>abducere.</span> <span class='ocrx_word' id='word_1_166' title='bbox 612 1947 765 2010; x_wconf 87' lang='lat' dir='ltr'>nusquam</span> <span class='ocrx_word' id='word_1_167' title='bbox 796 1927 910 1994; x_wconf 87' lang='lat' dir='ltr'>dieitur</span> <span class='ocrx_word' id='word_1_168' title='bbox 937 1948 1046 2011; x_wconf 87' lang='lat' dir='ltr'>quam</span> <span class='ocrx_word' id='word_1_169' title='bbox 1082 1930 1233 1996; x_wconf 89' lang='lat' dir='ltr'>ueniam</span> <span class='ocrx_word' id='word_1_170' title='bbox 1264 1927 1435 1994; x_wconf 83' lang='lat' dir='ltr'>Eumenius</span> <span class='ocrx_word' id='word_1_171' title='bbox 1466 1926 1527 1992; x_wconf 90' lang='lat' dir='ltr'>sibi</span> <span class='ocrx_word' id='word_1_172' title='bbox 1554 1925 1752 1992; x_wconf 88' lang='lat' dir='ltr'>tribuendam</span> <span class='ocrx_word' id='word_1_173' title='bbox 1782 1929 1880 2008; x_wconf 93' lang='lat' dir='ltr'>putet.</span> 
     </span>
     <span class='ocr_line' id='line_1_16' title="bbox 276 2033 1882 2126; baseline -0.004 -22"><span class='ocrx_word' id='word_1_174' title='bbox 276 2045 325 2104; x_wconf 92' lang='lat' dir='ltr'>est</span> <span class='ocrx_word' id='word_1_175' title='bbox 348 2045 452 2103; x_wconf 89' lang='lat' dir='ltr'>autem</span> <span class='ocrx_word' id='word_1_176' title='bbox 476 2038 572 2102; x_wconf 90' lang='lat' dir='ltr'>uenia</span> <span class='ocrx_word' id='word_1_177' title='bbox 593 2038 776 2105; x_wconf 80' lang='lat' dir='ltr'>recitandae</span> <span class='ocrx_word' id='word_1_178' title='bbox 799 2040 965 2125; x_wconf 79' lang='lat' dir='ltr'>epistulae.</span> <span class='ocrx_word' id='word_1_179' title='bbox 1012 2047 1100 2125; x_wconf 86' lang='lat' dir='ltr'>patet</span> <span class='ocrx_word' id='word_1_180' title='bbox 1122 2040 1219 2123; x_wconf 91' lang='lat' dir='ltr'>igitur</span> <span class='ocrx_word' id='word_1_181' title='bbox 1240 2047 1313 2126; x_wconf 90' lang='lat' dir='ltr'>post</span> <span class='ocrx_word' id='word_1_182' title='bbox 1335 2061 1410 2126; x_wconf 76' lang='lat' dir='ltr'>qnae</span> <span class='ocrx_word' id='word_1_183' title='bbox 1433 2061 1483 2124; x_wconf 73' lang='lat' dir='ltr'>epo</span> <span class='ocrx_word' id='word_1_184' title='bbox 1498 2063 1531 2103; x_wconf 86' lang='lat' dir='ltr'>n.</span> <span class='ocrx_word' id='word_1_185' title='bbox 1543 2060 1578 2124; x_wconf 88' lang='lat' dir='ltr'>p.</span> <span class='ocrx_word' id='word_1_186' title='bbox 1604 2037 1760 2103; x_wconf 80' lang='lat' dir='ltr'>excidisse</span> <span class='ocrx_word' id='word_1_187' title='bbox 1784 2033 1882 2100; x_wconf 87' lang='lat' dir='ltr'>uerba</span> 
     </span>
     <span class='ocr_line' id='line_1_17' title="bbox 273 2145 1882 2236; baseline -0.003 -22"><span class='ocrx_word' id='word_1_188' title='bbox 273 2148 428 2233; x_wconf 88' lang='lat' dir='ltr'>quaedam</span> <span class='ocrx_word' id='word_1_189' title='bbox 452 2146 530 2214; x_wconf 92' lang='lat' dir='ltr'>illud</span> <span class='ocrx_word' id='word_1_190' title='bbox 557 2147 779 2231; x_wconf 88' lang='lat' dir='ltr'>significantia.</span> <span class='ocrx_word' id='word_1_191' title='bbox 832 2150 885 2216; x_wconf 82' lang='lat' dir='ltr'>uix</span> <span class='ocrx_word' id='word_1_192' title='bbox 913 2152 996 2216; x_wconf 91' lang='lat' dir='ltr'>enim</span> <span class='ocrx_word' id='word_1_193' title='bbox 1026 2151 1185 2218; x_wconf 90' lang='lat' dir='ltr'>inuentum</span> <span class='ocrx_word' id='word_1_194' title='bbox 1216 2151 1253 2216; x_wconf 92' lang='lat' dir='ltr'>iri</span> <span class='ocrx_word' id='word_1_195' title='bbox 1283 2152 1393 2236; x_wconf 92' lang='lat' dir='ltr'>opinor</span> <span class='ocrx_word' id='word_1_196' title='bbox 1420 2149 1469 2216; x_wconf 92' lang='lat' dir='ltr'>cui</span> <span class='ocrx_word' id='word_1_197' title='bbox 1498 2149 1660 2215; x_wconf 88' lang='lat' dir='ltr'>Liuineius</span> <span class='ocrx_word' id='word_1_198' title='bbox 1688 2145 1882 2232; x_wconf 89' lang='lat' dir='ltr'>persuadeat</span> 
     </span>
     <span class='ocr_line' id='line_1_18' title="bbox 273 2257 1882 2348; baseline -0.002 -24"><span class='ocrx_word' id='word_1_199' title='bbox 273 2259 371 2325; x_wconf 89' lang='lat' dir='ltr'>uerba</span> <span class='ocrx_word' id='word_1_200' title='bbox 394 2283 469 2346; x_wconf 76' lang='lat' dir='ltr'>quaa</span> <span class='ocrx_word' id='word_1_201' title='bbox 490 2281 541 2345; x_wconf 79' lang='lat' dir='ltr'>epo</span> <span class='ocrx_word' id='word_1_202' title='bbox 565 2268 719 2326; x_wconf 79' lang='lat' dir='ltr'>oramrem</span> <span class='ocrx_word' id='word_1_203' title='bbox 743 2261 862 2328; x_wconf 87' lang='lat' dir='ltr'>dixisse</span> <span class='ocrx_word' id='word_1_204' title='bbox 886 2261 928 2328; x_wconf 88' lang='lat' dir='ltr'>ad</span> <span class='ocrx_word' id='word_1_205' title='bbox 951 2263 1165 2347; x_wconf 84' lang='lat' dir='ltr'>Vergilianum</span> <span class='ocrx_word' id='word_1_206' title='bbox 1189 2262 1265 2328; x_wconf 93' lang='lat' dir='ltr'>illud</span> <span class='ocrx_word' id='word_1_207' title='bbox 1289 2283 1362 2348; x_wconf 83' lang='lat' dir='ltr'>quoa</span> <span class='ocrx_word' id='word_1_208' title='bbox 1385 2265 1455 2346; x_wconf 79' lang='lat' dir='ltr'>epol</span> <span class='ocrx_word' id='word_1_209' title='bbox 1477 2259 1707 2344; x_wconf 87' lang='lat' dir='ltr'>respicientem.</span> <span class='ocrx_word' id='word_1_210' title='bbox 1740 2257 1882 2324; x_wconf 86' lang='lat' dir='ltr'>similiter</span> 
     </span>
     <span class='ocr_line' id='line_1_19' title="bbox 273 2369 1746 2457; baseline -0.001 -22"><span class='ocrx_word' id='word_1_211' title='bbox 273 2370 359 2436; x_wconf 87' lang='lat' dir='ltr'>hiare</span> <span class='ocrx_word' id='word_1_212' title='bbox 384 2371 486 2436; x_wconf 90' lang='lat' dir='ltr'>locum</span> <span class='ocrx_word' id='word_1_213' title='bbox 509 2372 695 2457; x_wconf 86' lang='lat' dir='ltr'>Mamertini,</span> <span class='ocrx_word' id='word_1_214' title='bbox 724 2372 775 2455; x_wconf 92' lang='lat' dir='ltr'>qui</span> <span class='ocrx_word' id='word_1_215' title='bbox 800 2381 849 2439; x_wconf 87' lang='lat' dir='ltr'>est</span> <span class='ocrx_word' id='word_1_216' title='bbox 871 2373 1016 2440; x_wconf 81' lang='lat' dir='ltr'>Genetlrl.</span> <span class='ocrx_word' id='word_1_217' title='bbox 1041 2379 1071 2456; x_wconf 88' lang='grc'>6,</span> <span class='ocrx_word' id='word_1_218' title='bbox 1097 2378 1117 2440; x_wconf 82' lang='grc'>2</span> <span class='ocrx_word' id='word_1_219' title='bbox 1141 2381 1225 2440; x_wconf 86' lang='lat' dir='ltr'>recte</span> <span class='ocrx_word' id='word_1_220' title='bbox 1249 2375 1311 2439; x_wconf 91' lang='lat' dir='ltr'>iam</span> <span class='ocrx_word' id='word_1_221' title='bbox 1335 2372 1514 2438; x_wconf 88' lang='lat' dir='ltr'>obseruauit</span> <span class='ocrx_word' id='word_1_222' title='bbox 1537 2369 1746 2438; x_wconf 83' lang='lat' dir='ltr'>Schwarnius.</span> 
     </span>
    </p>

    <p class='ocr_par' dir='ltr' id='par_1_5' title="bbox 269 2481 1881 4011">
     <span class='ocr_line' id='line_1_20' title="bbox 433 2481 1880 2568; baseline -0.002 -22"><span class='ocrx_word' id='word_1_223' title='bbox 433 2483 541 2565; x_wconf 87' lang='lat' dir='ltr'>ltaque</span> <span class='ocrx_word' id='word_1_224' title='bbox 565 2483 785 2550; x_wconf 87' lang='lat' dir='ltr'>Mamertini</span> <span class='ocrx_word' id='word_1_225' title='bbox 816 2503 932 2568; x_wconf 89' lang='lat' dir='ltr'>paneg.</span> <span class='ocrx_word' id='word_1_226' title='bbox 956 2485 1040 2549; x_wconf 85' lang='lat' dir='ltr'>Max.</span> <span class='ocrx_word' id='word_1_227' title='bbox 1065 2483 1158 2550; x_wconf 89' lang='lat' dir='ltr'>Herc.</span> <span class='ocrx_word' id='word_1_228' title='bbox 1183 2485 1260 2551; x_wconf 89' lang='lat' dir='ltr'>dicti</span> <span class='ocrx_word' id='word_1_229' title='bbox 1288 2491 1336 2567; x_wconf 90' lang='lat'>11,</span> <span class='ocrx_word' id='word_1_230' title='bbox 1361 2489 1380 2553; x_wconf 87' lang='lat'><strong>6</strong></span> <span class='ocrx_word' id='word_1_231' title='bbox 1405 2483 1485 2548; x_wconf 91' lang='lat' dir='ltr'>haec</span> <span class='ocrx_word' id='word_1_232' title='bbox 1515 2489 1588 2548; x_wconf 91' lang='lat' dir='ltr'>sunt</span> <span class='ocrx_word' id='word_1_233' title='bbox 1619 2481 1716 2547; x_wconf 90' lang='lat' dir='ltr'>uerba</span> <span class='ocrx_word' id='word_1_234' title='bbox 1745 2493 1779 2544; x_wconf 83' lang='lat' dir='ltr'>at</span> <span class='ocrx_word' id='word_1_235' title='bbox 1801 2483 1880 2544; x_wconf 78' lang='lat' dir='ltr'>enim</span> 
     </span>
     <span class='ocr_line' id='line_1_21' title="bbox 272 2593 1879 2682; baseline -0.001 -26"><span class='ocrx_word' id='word_1_236' title='bbox 272 2595 373 2656; x_wconf 79' lang='lat' dir='ltr'>armaio</span> <span class='ocrx_word' id='word_1_237' title='bbox 390 2597 546 2659; x_wconf 79' lang='lat' dir='ltr'>conamoda</span> <span class='ocrx_word' id='word_1_238' title='bbox 560 2597 639 2660; x_wconf 88' lang='lat' dir='ltr'>caelo</span> <span class='ocrx_word' id='word_1_239' title='bbox 654 2607 791 2682; x_wconf 77' lang='lat' dir='ltr'>terraque</span> <span class='ocrx_word' id='word_1_240' title='bbox 800 2607 895 2681; x_wconf 81' lang='lat' dir='ltr'>parta</span> <span class='ocrx_word' id='word_1_241' title='bbox 910 2597 976 2660; x_wconf 87' lang='lat' dir='ltr'>lieet</span> <span class='ocrx_word' id='word_1_242' title='bbox 991 2599 1179 2661; x_wconf 74' lang='lat' dir='ltr'>deameornm</span> <span class='ocrx_word' id='word_1_243' title='bbox 1193 2600 1353 2662; x_wconf 74' lang='lat' dir='ltr'>cantabam</span> <span class='ocrx_word' id='word_1_244' title='bbox 1368 2617 1422 2681; x_wconf 89' lang='lat' dir='ltr'>ope</span> <span class='ocrx_word' id='word_1_245' title='bbox 1437 2595 1520 2658; x_wconf 76' lang='lat' dir='ltr'>nodab</span> <span class='ocrx_word' id='word_1_246' title='bbox 1532 2596 1693 2679; x_wconf 79' lang='lat' dir='ltr'>prouenire</span> <span class='ocrx_word' id='word_1_247' title='bbox 1707 2593 1879 2674; x_wconf 75' lang='lat' dir='ltr'>uideuatur,</span> 
     </span>
     <span class='ocr_line' id='line_1_22' title="bbox 272 2705 1879 2792; baseline -0.001 -26"><span class='ocrx_word' id='word_1_248' title='bbox 272 2706 437 2767; x_wconf 82' lang='lat' dir='ltr'>aeammia</span> <span class='ocrx_word' id='word_1_249' title='bbox 457 2715 556 2770; x_wconf 73' lang='lat' dir='ltr'>tuanen</span> <span class='ocrx_word' id='word_1_250' title='bbox 580 2708 752 2772; x_wconf 76' lang='lat' dir='ltr'>auctoribus</span> <span class='ocrx_word' id='word_1_251' title='bbox 780 2719 905 2772; x_wconf 86' lang='lat' dir='ltr'>manant</span> <span class='ocrx_word' id='word_1_252' title='bbox 935 2708 1004 2772; x_wconf 83' lang='lat' dir='ltr'>Ince</span> <span class='ocrx_word' id='word_1_253' title='bbox 1025 2721 1135 2772; x_wconf 84' lang='lat' dir='ltr'>rectore</span> <span class='ocrx_word' id='word_1_254' title='bbox 1166 2710 1242 2774; x_wconf 83' lang='lat' dir='ltr'>caeli</span> <span class='ocrx_word' id='word_1_255' title='bbox 1268 2720 1294 2772; x_wconf 88' lang='lat' dir='ltr'>et</span> <span class='ocrx_word' id='word_1_256' title='bbox 1327 2708 1453 2772; x_wconf 85' lang='lat' dir='ltr'>Hercule</span> <span class='ocrx_word' id='word_1_257' title='bbox 1479 2717 1620 2792; x_wconf 83' lang='lat' dir='ltr'>pecatore</span> <span class='ocrx_word' id='word_1_258' title='bbox 1641 2716 1807 2783; x_wconf 72' lang='lat' dir='ltr'>ternarum,</span> <span class='ocrx_word' id='word_1_259' title='bbox 1837 2705 1879 2766; x_wconf 83' lang='lat' dir='ltr'>aio</span> 
     </span>
     <span class='ocr_line' id='line_1_23' title="bbox 271 2813 1879 2906; baseline -0.001 -28"><span class='ocrx_word' id='word_1_260' title='bbox 271 2814 408 2878; x_wconf 82' lang='lat' dir='ltr'>omnibaa</span> <span class='ocrx_word' id='word_1_261' title='bbox 416 2817 629 2900; x_wconf 72' lang='lat' dir='ltr'>patiebamini-rb</span> <span class='ocrx_word' id='word_1_262' title='bbox 643 2819 737 2899; x_wconf 79' lang='lat' dir='ltr'>reduc,</span> <span class='ocrx_word' id='word_1_263' title='bbox 754 2821 842 2883; x_wconf 84' lang='lat' dir='ltr'>etiam</span> <span class='ocrx_word' id='word_1_264' title='bbox 857 2840 933 2905; x_wconf 83' lang='lat' dir='ltr'>qnae</span> <span class='ocrx_word' id='word_1_265' title='bbox 949 2820 1078 2883; x_wconf 73' lang='lat' dir='ltr'>alconem</span> <span class='ocrx_word' id='word_1_266' title='bbox 1094 2823 1185 2885; x_wconf 81' lang='lat' dir='ltr'>decta</span> <span class='ocrx_word' id='word_1_267' title='bbox 1200 2831 1354 2906; x_wconf 74' lang='lat' dir='ltr'>poneretur,</span> <span class='ocrx_word' id='word_1_268' title='bbox 1369 2819 1575 2884; x_wconf 73' lang='lat' dir='ltr'>Diocletianae</span> <span class='ocrx_word' id='word_1_269' title='bbox 1581 2817 1709 2901; x_wconf 74' lang='lat' dir='ltr'>facit,</span> <span class='ocrx_word' id='word_1_270' title='bbox 1725 2825 1757 2878; x_wconf 86' lang='lat' dir='ltr'>ta</span> <span class='ocrx_word' id='word_1_271' title='bbox 1771 2813 1879 2878; x_wconf 82' lang='lat' dir='ltr'>teibaia</span> 
     </span>
     <span class='ocr_line' id='line_1_24' title="bbox 272 2923 1878 3014; baseline 0 -26"><span class='ocrx_word' id='word_1_272' title='bbox 272 2926 413 3012; x_wconf 56' lang='lat' dir='ltr'>mamam.</span> <span class='ocrx_word' id='word_1_273' title='bbox 460 2945 517 3010; x_wconf 90' lang='lat' dir='ltr'>pro</span> <span class='ocrx_word' id='word_1_274' title='bbox 530 2927 644 3012; x_wconf 80' lang='lat' dir='ltr'>socie</span> <span class='ocrx_word' id='word_1_275' title='bbox 672 2928 755 3011; x_wconf 89' lang='lat' dir='ltr'>quod</span> <span class='ocrx_word' id='word_1_276' title='bbox 787 2929 873 2994; x_wconf 91' lang='lat' dir='ltr'>nihili</span> <span class='ocrx_word' id='word_1_277' title='bbox 896 2935 959 3014; x_wconf 82' lang='lat' dir='ltr'>est,</span> <span class='ocrx_word' id='word_1_278' title='bbox 989 2931 1132 3012; x_wconf 85' lang='lat' dir='ltr'>quamuis</span> <span class='ocrx_word' id='word_1_279' title='bbox 1161 2930 1294 3014; x_wconf 90' lang='lat' dir='ltr'>impigre</span> <span class='ocrx_word' id='word_1_280' title='bbox 1317 2928 1505 2995; x_wconf 84' lang='lat' dir='ltr'>Arntzenius</span> <span class='ocrx_word' id='word_1_281' title='bbox 1528 2926 1720 3008; x_wconf 83' lang='lat' dir='ltr'>defenderit,</span> <span class='ocrx_word' id='word_1_282' title='bbox 1754 2923 1878 2989; x_wconf 86' lang='lat' dir='ltr'>Curtius</span> 
     </span>
     <span class='ocr_line' id='line_1_25' title="bbox 271 3035 1878 3124; baseline -0.001 -22"><span class='ocrx_word' id='word_1_283' title='bbox 271 3035 405 3102; x_wconf 91' lang='lat' dir='ltr'>coniecit</span> <span class='ocrx_word' id='word_1_284' title='bbox 417 3036 544 3121; x_wconf 71' lang='lat' dir='ltr'>samem,</span> <span class='ocrx_word' id='word_1_285' title='bbox 575 3038 720 3106; x_wconf 84' lang='lat' dir='ltr'>Eldikius</span> <span class='ocrx_word' id='word_1_286' title='bbox 744 3062 879 3121; x_wconf 83' lang='lat' dir='ltr'>coaeum,</span> <span class='ocrx_word' id='word_1_287' title='bbox 904 3059 1034 3122; x_wconf 86' lang='lat' dir='ltr'>quorum</span> <span class='ocrx_word' id='word_1_288' title='bbox 1057 3040 1187 3108; x_wconf 89' lang='lat' dir='ltr'>alterum</span> <span class='ocrx_word' id='word_1_289' title='bbox 1212 3041 1388 3106; x_wconf 90' lang='lat' dir='ltr'>sententiae</span> <span class='ocrx_word' id='word_1_290' title='bbox 1412 3047 1581 3124; x_wconf 86' lang='lat' dir='ltr'>repugnat,</span> <span class='ocrx_word' id='word_1_291' title='bbox 1611 3036 1743 3104; x_wconf 87' lang='lat' dir='ltr'>alterum</span> <span class='ocrx_word' id='word_1_292' title='bbox 1767 3036 1807 3102; x_wconf 89' lang='lat' dir='ltr'>ab</span> <span class='ocrx_word' id='word_1_293' title='bbox 1831 3035 1878 3101; x_wconf 89' lang='lat' dir='ltr'>eis</span> 
     </span>
     <span class='ocr_line' id='line_1_26' title="bbox 270 3145 1880 3236; baseline 0.002 -24"><span class='ocrx_word' id='word_1_294' title='bbox 270 3167 352 3230; x_wconf 88' lang='lat' dir='ltr'>quae</span> <span class='ocrx_word' id='word_1_295' title='bbox 365 3147 481 3214; x_wconf 89' lang='lat' dir='ltr'>tradita</span> <span class='ocrx_word' id='word_1_296' title='bbox 492 3156 566 3214; x_wconf 89' lang='lat' dir='ltr'>sunt</span> <span class='ocrx_word' id='word_1_297' title='bbox 576 3150 701 3234; x_wconf 87' lang='lat' dir='ltr'>longius</span> <span class='ocrx_word' id='word_1_298' title='bbox 714 3158 865 3216; x_wconf 85' lang='lat' dir='ltr'>remotum</span> <span class='ocrx_word' id='word_1_299' title='bbox 878 3158 936 3216; x_wconf 88' lang='lat' dir='ltr'>est.</span> <span class='ocrx_word' id='word_1_300' title='bbox 984 3150 1057 3234; x_wconf 90' lang='lat' dir='ltr'>quid</span> <span class='ocrx_word' id='word_1_301' title='bbox 1074 3153 1173 3219; x_wconf 85' lang='lat' dir='ltr'>lateat</span> <span class='ocrx_word' id='word_1_302' title='bbox 1184 3153 1299 3219; x_wconf 89' lang='lat' dir='ltr'>docere</span> <span class='ocrx_word' id='word_1_303' title='bbox 1311 3158 1416 3236; x_wconf 92' lang='lat' dir='ltr'>potest</span> <span class='ocrx_word' id='word_1_304' title='bbox 1428 3149 1519 3216; x_wconf 90' lang='lat' dir='ltr'>Plinii</span> <span class='ocrx_word' id='word_1_305' title='bbox 1534 3148 1621 3214; x_wconf 92' lang='lat' dir='ltr'>locus</span> <span class='ocrx_word' id='word_1_306' title='bbox 1633 3153 1762 3233; x_wconf 83' lang='lat' dir='ltr'>(paneg.</span> <span class='ocrx_word' id='word_1_307' title='bbox 1777 3152 1830 3231; x_wconf 78' lang='lat'>45,</span> <span class='ocrx_word' id='word_1_308' title='bbox 1845 3145 1880 3230; x_wconf 89' lang='grc'>6)</span> 
     </span>
     <span class='ocr_line' id='line_1_27' title="bbox 272 3257 1880 3349; baseline 0.001 -28"><span class='ocrx_word' id='word_1_309' title='bbox 272 3257 323 3322; x_wconf 88' lang='lat' dir='ltr'>hia</span> <span class='ocrx_word' id='word_1_310' title='bbox 344 3257 457 3344; x_wconf 90' lang='lat' dir='ltr'>‘perge</span> <span class='ocrx_word' id='word_1_311' title='bbox 481 3259 574 3325; x_wconf 89' lang='lat' dir='ltr'>modo</span> <span class='ocrx_word' id='word_1_312' title='bbox 598 3259 718 3327; x_wconf 86' lang='lat' dir='ltr'>Caesar</span> <span class='ocrx_word' id='word_1_313' title='bbox 741 3269 774 3326; x_wconf 90' lang='lat' dir='ltr'>et</span> <span class='ocrx_word' id='word_1_314' title='bbox 801 3260 864 3326; x_wconf 91' lang='lat' dir='ltr'>uim</span> <span class='ocrx_word' id='word_1_315' title='bbox 889 3262 1077 3349; x_wconf 58' lang='lat' dir='ltr'>ffeoannqm</span> <span class='ocrx_word' id='word_1_316' title='bbox 1099 3283 1252 3330; x_wconf 86' lang='lat' dir='ltr'>censurae</span> <span class='ocrx_word' id='word_1_317' title='bbox 1282 3271 1368 3329; x_wconf 88' lang='lat' dir='ltr'>tuum</span> <span class='ocrx_word' id='word_1_318' title='bbox 1391 3263 1600 3347; x_wconf 89' lang='lat' dir='ltr'>propositum,</span> <span class='ocrx_word' id='word_1_319' title='bbox 1631 3259 1674 3326; x_wconf 89' lang='lat' dir='ltr'>tui</span> <span class='ocrx_word' id='word_1_320' title='bbox 1698 3272 1780 3324; x_wconf 78' lang='lat' dir='ltr'>actm</span> <span class='ocrx_word' id='word_1_321' title='bbox 1803 3257 1880 3323; x_wconf 89' lang='lat' dir='ltr'>obti·</span> 
     </span>
     <span class='ocr_line' id='line_1_28' title="bbox 271 3363 1880 3464; baseline 0.002 -32"><span class='ocrx_word' id='word_1_322' title='bbox 271 3363 414 3451; x_wconf 90' lang='lat' dir='ltr'>nebunt’;</span> <span class='ocrx_word' id='word_1_323' title='bbox 443 3369 669 3464; x_wconf 85' lang='lat' dir='ltr'>restituendum</span> <span class='ocrx_word' id='word_1_324' title='bbox 701 3373 783 3438; x_wconf 89' lang='lat' dir='ltr'>enim</span> <span class='ocrx_word' id='word_1_325' title='bbox 806 3372 993 3438; x_wconf 85' lang='lat' dir='ltr'>Mamertino</span> <span class='ocrx_word' id='word_1_326' title='bbox 1023 3381 1072 3439; x_wconf 92' lang='lat' dir='ltr'>est</span> <span class='ocrx_word' id='word_1_327' title='bbox 1094 3377 1300 3441; x_wconf 79' lang='lat' dir='ltr'>Diocletianus</span> <span class='ocrx_word' id='word_1_328' title='bbox 1323 3387 1459 3457; x_wconf 83' lang='lat' dir='ltr'>actum,</span> <span class='ocrx_word' id='word_1_329' title='bbox 1487 3387 1520 3440; x_wconf 84' lang='lat' dir='ltr'>ta</span> <span class='ocrx_word' id='word_1_330' title='bbox 1542 3374 1649 3438; x_wconf 73' lang='lat' dir='ltr'>tribuis</span> <span class='ocrx_word' id='word_1_331' title='bbox 1671 3373 1813 3459; x_wconf 57' lang='lat' dir='ltr'>meatum.</span> <span class='ocrx_word' id='word_1_332' title='bbox 1836 3405 1880 3420; x_wconf 84' lang='lat'>-·</span> 
     </span>
     <span class='ocr_line' id='line_1_29' title="bbox 272 3481 1881 3570; baseline 0.002 -27"><span class='ocrx_word' id='word_1_333' title='bbox 272 3481 376 3562; x_wconf 89' lang='lat' dir='ltr'>paullo</span> <span class='ocrx_word' id='word_1_334' title='bbox 399 3486 472 3546; x_wconf 87' lang='lat' dir='ltr'>ante</span> <span class='ocrx_word' id='word_1_335' title='bbox 496 3481 611 3547; x_wconf 88' lang='lat' dir='ltr'>rectius</span> <span class='ocrx_word' id='word_1_336' title='bbox 635 3487 745 3568; x_wconf 87' lang='lat' dir='ltr'>opinor</span> <span class='ocrx_word' id='word_1_337' title='bbox 767 3484 922 3549; x_wconf 81' lang='lat' dir='ltr'>scribetur</span> <span class='ocrx_word' id='word_1_338' title='bbox 935 3507 999 3550; x_wconf 78' lang='lat' dir='ltr'>ren</span> <span class='ocrx_word' id='word_1_339' title='bbox 1015 3486 1171 3570; x_wconf 79' lang='lat' dir='ltr'>publicam</span> <span class='ocrx_word' id='word_1_340' title='bbox 1186 3491 1265 3552; x_wconf 83' lang='lat' dir='ltr'>enim</span> <span class='ocrx_word' id='word_1_341' title='bbox 1286 3511 1350 3550; x_wconf 86' lang='lat' dir='ltr'>ana</span> <span class='ocrx_word' id='word_1_342' title='bbox 1363 3499 1458 3552; x_wconf 79' lang='lat' dir='ltr'>menta</span> <span class='ocrx_word' id='word_1_343' title='bbox 1479 3488 1582 3570; x_wconf 77' lang='lat' dir='ltr'>rapitis</span> <span class='ocrx_word' id='word_1_344' title='bbox 1596 3507 1689 3570; x_wconf 78' lang='lat' dir='ltr'>nepae</span> <span class='ocrx_word' id='word_1_345' title='bbox 1702 3485 1786 3548; x_wconf 74' lang='lat' dir='ltr'>nobb</span> <span class='ocrx_word' id='word_1_346' title='bbox 1796 3494 1881 3546; x_wconf 83' lang='lat' dir='ltr'>tanto</span> 
     </span>
     <span class='ocr_line' id='line_1_30' title="bbox 271 3593 1880 3683; baseline 0.003 -29"><span class='ocrx_word' id='word_1_347' title='bbox 271 3593 403 3656; x_wconf 71' lang='lat' dir='ltr'>locutam</span> <span class='ocrx_word' id='word_1_348' title='bbox 426 3596 585 3659; x_wconf 82' lang='lat' dir='ltr'>diaerritaa</span> <span class='ocrx_word' id='word_1_349' title='bbox 608 3593 682 3656; x_wconf 82' lang='lat' dir='ltr'>obeat</span> <span class='ocrx_word' id='word_1_350' title='bbox 705 3617 763 3679; x_wconf 79' lang='lat' dir='ltr'>qno</span> <span class='ocrx_word' id='word_1_351' title='bbox 786 3599 886 3659; x_wconf 84' lang='lat' dir='ltr'>minas</span> <span class='ocrx_word' id='word_1_352' title='bbox 909 3617 991 3660; x_wconf 86' lang='lat' dir='ltr'>eam</span> <span class='ocrx_word' id='word_1_353' title='bbox 1012 3599 1108 3661; x_wconf 83' lang='lat' dir='ltr'>aelati</span> <span class='ocrx_word' id='word_1_354' title='bbox 1128 3601 1238 3664; x_wconf 75' lang='lat' dir='ltr'>inndsb</span> <span class='ocrx_word' id='word_1_355' title='bbox 1261 3601 1389 3664; x_wconf 72' lang='lat' dir='ltr'>danen</span> <span class='ocrx_word' id='word_1_356' title='bbox 1409 3599 1573 3683; x_wconf 79' lang='lat' dir='ltr'>pnbmnctis</span> <span class='ocrx_word' id='word_1_357' title='bbox 1588 3615 1681 3678; x_wconf 85' lang='lat' dir='ltr'>quam</span> <span class='ocrx_word' id='word_1_358' title='bbox 1705 3593 1787 3676; x_wconf 83' lang='lat' dir='ltr'>qnod</span> <span class='ocrx_word' id='word_1_359' title='bbox 1811 3594 1880 3659; x_wconf 89' lang='lat' dir='ltr'>libri</span> 
     </span>
     <span class='ocr_line' id='line_1_31' title="bbox 271 3701 1881 3791; baseline 0.003 -25"><span class='ocrx_word' id='word_1_360' title='bbox 271 3701 387 3766; x_wconf 88' lang='lat' dir='ltr'>babere</span> <span class='ocrx_word' id='word_1_361' title='bbox 412 3702 557 3770; x_wconf 90' lang='lat' dir='ltr'>uidentur</span> <span class='ocrx_word' id='word_1_362' title='bbox 579 3708 708 3768; x_wconf 77' lang='lat' dir='ltr'>etiam.</span> <span class='ocrx_word' id='word_1_363' title='bbox 755 3725 816 3770; x_wconf 90' lang='lat' dir='ltr'>non</span> <span class='ocrx_word' id='word_1_364' title='bbox 839 3706 903 3789; x_wconf 90' lang='lat' dir='ltr'>legi</span> <span class='ocrx_word' id='word_1_365' title='bbox 928 3706 1124 3789; x_wconf 88' lang='lat' dir='ltr'>gubernandi</span> <span class='ocrx_word' id='word_1_366' title='bbox 1150 3711 1278 3776; x_wconf 88' lang='lat' dir='ltr'>uerbum</span> <span class='ocrx_word' id='word_1_367' title='bbox 1303 3730 1343 3774; x_wconf 90' lang='lat' dir='ltr'>ea</span> <span class='ocrx_word' id='word_1_368' title='bbox 1364 3729 1398 3775; x_wconf 91' lang='lat' dir='ltr'>re</span> <span class='ocrx_word' id='word_1_369' title='bbox 1422 3707 1540 3772; x_wconf 89' lang='lat' dir='ltr'>omissa</span> <span class='ocrx_word' id='word_1_370' title='bbox 1561 3705 1696 3791; x_wconf 90' lang='lat' dir='ltr'>positum</span> <span class='ocrx_word' id='word_1_371' title='bbox 1721 3724 1801 3788; x_wconf 90' lang='lat' dir='ltr'>qnae</span> <span class='ocrx_word' id='word_1_372' title='bbox 1825 3725 1881 3789; x_wconf 90' lang='lat' dir='ltr'>gu-</span> 
     </span>
     <span class='ocr_line' id='line_1_32' title="bbox 269 3813 1880 3901; baseline 0.001 -23"><span class='ocrx_word' id='word_1_373' title='bbox 269 3813 433 3879; x_wconf 84' lang='lat' dir='ltr'>bernatur:</span> <span class='ocrx_word' id='word_1_374' title='bbox 466 3821 551 3880; x_wconf 85' lang='lat' dir='ltr'>certe</span> <span class='ocrx_word' id='word_1_375' title='bbox 579 3815 773 3900; x_wconf 91' lang='lat' dir='ltr'>panegyrico</span> <span class='ocrx_word' id='word_1_376' title='bbox 804 3815 917 3882; x_wconf 87' lang='lat' dir='ltr'>oratori</span> <span class='ocrx_word' id='word_1_377' title='bbox 942 3817 1017 3880; x_wconf 90' lang='lat' dir='ltr'>nulli</span> <span class='ocrx_word' id='word_1_378' title='bbox 1046 3819 1165 3901; x_wconf 89' lang='lat' dir='ltr'>placuit</span> <span class='ocrx_word' id='word_1_379' title='bbox 1193 3820 1232 3886; x_wconf 84' lang='lat' dir='ltr'>cf.</span> <span class='ocrx_word' id='word_1_380' title='bbox 1257 3820 1353 3884; x_wconf 88' lang='lat' dir='ltr'>Mam.</span> <span class='ocrx_word' id='word_1_381' title='bbox 1378 3819 1456 3884; x_wconf 80' lang='lat' dir='ltr'>Gen.</span> <span class='ocrx_word' id='word_1_382' title='bbox 1481 3821 1517 3899; x_wconf 89' lang='lat'>3,</span> <span class='ocrx_word' id='word_1_383' title='bbox 1541 3822 1573 3885; x_wconf 91' lang='lat'>4.</span> <span class='ocrx_word' id='word_1_384' title='bbox 1599 3817 1689 3884; x_wconf 82' lang='lat' dir='ltr'>Eum.</span> <span class='ocrx_word' id='word_1_385' title='bbox 1713 3824 1794 3898; x_wconf 87' lang='lat' dir='ltr'>grat.</span> <span class='ocrx_word' id='word_1_386' title='bbox 1819 3821 1880 3881; x_wconf 90' lang='lat' dir='ltr'>act.</span> 
     </span>
     <span class='ocr_line' id='line_1_33' title="bbox 274 3924 1637 4011; baseline 0.002 -19"><span class='ocrx_word' id='word_1_387' title='bbox 274 3930 323 4008; x_wconf 89' lang='lat'>10,</span> <span class='ocrx_word' id='word_1_388' title='bbox 350 3929 379 3991; x_wconf 81' lang='lat'>2.</span> <span class='ocrx_word' id='word_1_389' title='bbox 403 3924 520 3990; x_wconf 86' lang='lat' dir='ltr'>Nazar.</span> <span class='ocrx_word' id='word_1_390' title='bbox 544 3945 618 4010; x_wconf 91' lang='lat' dir='ltr'>pan.</span> <span class='ocrx_word' id='word_1_391' title='bbox 644 3931 674 4011; x_wconf 85' lang='lat' dir='ltr'>l,</span> <span class='ocrx_word' id='word_1_392' title='bbox 697 3931 727 3995; x_wconf 87' lang='lat'>3.</span> <span class='ocrx_word' id='word_1_393' title='bbox 1631 3987 1637 4002; x_wconf 85' lang='lat'>‚</span> 
     </span>
    </p>

    <p class='ocr_par' dir='ltr' id='par_1_6' title="bbox 266 4033 1943 5017">
     <span class='ocr_line' id='line_1_34' title="bbox 403 4033 1881 4124; baseline 0.003 -22"><span class='ocrx_word' id='word_1_394' title='bbox 403 4100 406 4108; x_wconf 89' lang='grc'><strong>,</strong></span> <span class='ocrx_word' id='word_1_395' title='bbox 431 4033 576 4119; x_wconf 83' lang='lat' dir='ltr'>Grauius,</span> <span class='ocrx_word' id='word_1_396' title='bbox 600 4037 703 4122; x_wconf 87' lang='lat' dir='ltr'>siquid</span> <span class='ocrx_word' id='word_1_397' title='bbox 726 4039 829 4122; x_wconf 88' lang='lat' dir='ltr'>uideo,</span> <span class='ocrx_word' id='word_1_398' title='bbox 855 4045 1000 4124; x_wconf 89' lang='lat' dir='ltr'>corrupta</span> <span class='ocrx_word' id='word_1_399' title='bbox 1023 4047 1096 4104; x_wconf 87' lang='lat' dir='ltr'>sunt</span> <span class='ocrx_word' id='word_1_400' title='bbox 1118 4039 1258 4106; x_wconf 89' lang='lat' dir='ltr'>eiusdem</span> <span class='ocrx_word' id='word_1_401' title='bbox 1281 4040 1379 4105; x_wconf 89' lang='lat' dir='ltr'>uerba</span> <span class='ocrx_word' id='word_1_402' title='bbox 1402 4037 1537 4124; x_wconf 87' lang='lat' dir='ltr'>genethl.</span> <span class='ocrx_word' id='word_1_403' title='bbox 1562 4039 1687 4105; x_wconf 85' lang='lat' dir='ltr'>Maxim.</span> <span class='ocrx_word' id='word_1_404' title='bbox 1713 4037 1787 4103; x_wconf 90' lang='lat' dir='ltr'>dieti</span> <span class='ocrx_word' id='word_1_405' title='bbox 1812 4041 1881 4121; x_wconf 79' lang='grc'>2,4</span> 
     </span>
     <span class='ocr_line' id='line_1_35' title="bbox 354 4147 1882 4239; baseline 0.003 -29.734"><span class='ocrx_word' id='word_1_406' title='bbox 354 4147 556 4233; x_wconf 64' lang='lat' dir='ltr'>infatigabiles</span> <span class='ocrx_word' id='word_1_407' title='bbox 578 4161 674 4212; x_wconf 80' lang='lat' dir='ltr'>neotus</span> <span class='ocrx_word' id='word_1_408' title='bbox 697 4161 723 4214; x_wconf 85' lang='lat' dir='ltr'>et</span> <span class='ocrx_word' id='word_1_409' title='bbox 744 4155 870 4236; x_wconf 81' lang='lat' dir='ltr'>impetus</span> <span class='ocrx_word' id='word_1_410' title='bbox 891 4155 958 4236; x_wconf 71' lang='lat' dir='ltr'>ipsa</span> <span class='ocrx_word' id='word_1_411' title='bbox 980 4155 1028 4215; x_wconf 72' lang='lat' dir='ltr'>aab</span> <span class='ocrx_word' id='word_1_412' title='bbox 1055 4154 1225 4216; x_wconf 69' lang='lat' dir='ltr'>denuntiata</span> <span class='ocrx_word' id='word_1_413' title='bbox 1253 4165 1378 4234; x_wconf 76' lang='lat' dir='ltr'>coercet,</span> <span class='ocrx_word' id='word_1_414' title='bbox 1410 4173 1486 4239; x_wconf 82' lang='lat' dir='ltr'>quac</span> <span class='ocrx_word' id='word_1_415' title='bbox 1514 4174 1568 4216; x_wconf 83' lang='lat' dir='ltr'>noe</span> <span class='ocrx_word' id='word_1_416' title='bbox 1588 4155 1678 4216; x_wconf 84' lang='lat' dir='ltr'>tantia</span> <span class='ocrx_word' id='word_1_417' title='bbox 1700 4151 1882 4215; x_wconf 79' lang='lat' dir='ltr'>diemreebea</span> 
     </span>
     <span class='ocr_line' id='line_1_36' title="bbox 268 4259 1883 4351; baseline 0.002 -30"><span class='ocrx_word' id='word_1_418' title='bbox 268 4268 327 4322; x_wconf 86' lang='lat' dir='ltr'>tuto</span> <span class='ocrx_word' id='word_1_419' title='bbox 349 4280 436 4343; x_wconf 79' lang='lat' dir='ltr'>quern</span> <span class='ocrx_word' id='word_1_420' title='bbox 456 4262 558 4345; x_wconf 74' lang='lat' dir='ltr'>repulia</span> <span class='ocrx_word' id='word_1_421' title='bbox 579 4259 647 4324; x_wconf 78' lang='lat' dir='ltr'>orbe</span> <span class='ocrx_word' id='word_1_422' title='bbox 669 4261 797 4342; x_wconf 71' lang='lat' dir='ltr'>deducent,</span> <span class='ocrx_word' id='word_1_423' title='bbox 819 4274 854 4326; x_wconf 85' lang='lat' dir='ltr'>ut</span> <span class='ocrx_word' id='word_1_424' title='bbox 874 4285 928 4327; x_wconf 82' lang='lat' dir='ltr'>non</span> <span class='ocrx_word' id='word_1_425' title='bbox 950 4284 1063 4348; x_wconf 74' lang='lat' dir='ltr'>semper</span> <span class='ocrx_word' id='word_1_426' title='bbox 1085 4267 1191 4328; x_wconf 74' lang='lat' dir='ltr'>anaim</span> <span class='ocrx_word' id='word_1_427' title='bbox 1212 4266 1306 4328; x_wconf 71' lang='lat' dir='ltr'>aedri</span> <span class='ocrx_word' id='word_1_428' title='bbox 1327 4267 1449 4330; x_wconf 68' lang='lat' dir='ltr'>aarum</span> <span class='ocrx_word' id='word_1_429' title='bbox 1462 4287 1559 4351; x_wconf 80' lang='lat' dir='ltr'>napa·</span> <span class='ocrx_word' id='word_1_430' title='bbox 1574 4265 1616 4329; x_wconf 89' lang='lat' dir='ltr'>ad</span> <span class='ocrx_word' id='word_1_431' title='bbox 1630 4263 1791 4328; x_wconf 69' lang='lat' dir='ltr'>libentinam</span> <span class='ocrx_word' id='word_1_432' title='bbox 1807 4264 1883 4348; x_wconf 87' lang='lat' dir='ltr'>piae</span> 
     </span>
     <span class='ocr_line' id='line_1_37' title="bbox 270 4372 1879 4462; baseline 0.002 -28"><span class='ocrx_word' id='word_1_433' title='bbox 270 4373 483 4454; x_wconf 57' lang='lat' dir='ltr'>conmunionis</span> <span class='ocrx_word' id='word_1_434' title='bbox 503 4373 672 4456; x_wconf 75' lang='lat' dir='ltr'>impulerat,</span> <span class='ocrx_word' id='word_1_435' title='bbox 701 4395 769 4436; x_wconf 83' lang='lat' dir='ltr'>anns</span> <span class='ocrx_word' id='word_1_436' title='bbox 795 4376 905 4442; x_wconf 80' lang='lat' dir='ltr'>itinera</span> <span class='ocrx_word' id='word_1_437' title='bbox 932 4386 1031 4440; x_wconf 76' lang='lat' dir='ltr'>anatra</span> <span class='ocrx_word' id='word_1_438' title='bbox 1062 4377 1135 4460; x_wconf 81' lang='lat' dir='ltr'>epeia</span> <span class='ocrx_word' id='word_1_439' title='bbox 1156 4375 1277 4440; x_wconf 73' lang='lat' dir='ltr'>hiberni</span> <span class='ocrx_word' id='word_1_440' title='bbox 1296 4377 1415 4440; x_wconf 80' lang='lat' dir='ltr'>solstda&#39;i</span> <span class='ocrx_word' id='word_1_441' title='bbox 1442 4375 1501 4462; x_wconf 84' lang='lat' dir='ltr'>(ita</span> <span class='ocrx_word' id='word_1_442' title='bbox 1523 4375 1685 4460; x_wconf 83' lang='lat' dir='ltr'>praeclare</span> <span class='ocrx_word' id='word_1_443' title='bbox 1709 4372 1879 4454; x_wconf 82' lang='lat' dir='ltr'>Liuineius,</span> 
     </span>
     <span class='ocr_line' id='line_1_38' title="bbox 266 4481 1881 4573; baseline 0.001 -27"><span class='ocrx_word' id='word_1_444' title='bbox 266 4481 398 4546; x_wconf 82' lang='lat' dir='ltr'>bibernis</span> <span class='ocrx_word' id='word_1_445' title='bbox 426 4482 538 4547; x_wconf 79' lang='lat' dir='ltr'>bestilia</span> <span class='ocrx_word' id='word_1_446' title='bbox 567 4483 661 4570; x_wconf 90' lang='lat' dir='ltr'>libri)</span> <span class='ocrx_word' id='word_1_447' title='bbox 691 4483 793 4550; x_wconf 70' lang='lat' dir='ltr'>diebus</span> <span class='ocrx_word' id='word_1_448' title='bbox 818 4507 876 4571; x_wconf 83' lang='lat' dir='ltr'>per</span> <span class='ocrx_word' id='word_1_449' title='bbox 905 4489 1008 4551; x_wconf 79' lang='lat' dir='ltr'>aa&#39;m&#39;rra</span> <span class='ocrx_word' id='word_1_450' title='bbox 1029 4488 1085 4551; x_wconf 86' lang='lat' dir='ltr'>illa</span> <span class='ocrx_word' id='word_1_451' title='bbox 1107 4489 1188 4552; x_wconf 85' lang='lat' dir='ltr'>caelo</span> <span class='ocrx_word' id='word_1_452' title='bbox 1209 4489 1340 4572; x_wconf 79' lang='lat' dir='ltr'>Alpn&#39;nm</span> <span class='ocrx_word' id='word_1_453' title='bbox 1369 4490 1452 4573; x_wconf 71' lang='lat' dir='ltr'>repa,</span> <span class='ocrx_word' id='word_1_454' title='bbox 1483 4487 1590 4573; x_wconf 82' lang='lat' dir='ltr'>quibua</span> <span class='ocrx_word' id='word_1_455' title='bbox 1619 4487 1742 4552; x_wconf 83' lang='lat' dir='ltr'>Italiam</span> <span class='ocrx_word' id='word_1_456' title='bbox 1770 4495 1881 4548; x_wconf 81' lang='lat' dir='ltr'>nutura</span> 
     </span>
     <span class='ocr_line' id='line_1_39' title="bbox 267 4577 1880 4678; baseline 0.001 -20"><span class='ocrx_word' id='word_1_457' title='bbox 267 4594 396 4658; x_wconf 69' lang='lat' dir='ltr'>aalma</span> <span class='ocrx_word' id='word_1_458' title='bbox 413 4614 528 4678; x_wconf 76' lang='lat' dir='ltr'>perque</span> <span class='ocrx_word' id='word_1_459' title='bbox 549 4595 606 4660; x_wconf 82' lang='lat' dir='ltr'>iila</span> <span class='ocrx_word' id='word_1_460' title='bbox 627 4617 703 4660; x_wconf 79' lang='lat' dir='ltr'>suaa</span> <span class='ocrx_word' id='word_1_461' title='bbox 725 4608 751 4662; x_wconf 82' lang='lat' dir='ltr'>et</span> <span class='ocrx_word' id='word_1_462' title='bbox 774 4598 928 4662; x_wconf 75' lang='lat' dir='ltr'>deem’orem</span> <span class='ocrx_word' id='word_1_463' title='bbox 948 4577 1031 4662; x_wconf 75' lang='lat' dir='ltr'>racab</span> <span class='ocrx_word' id='word_1_464' title='bbox 1052 4601 1171 4663; x_wconf 85' lang='lat' dir='ltr'>niniam</span> <span class='ocrx_word' id='word_1_465' title='bbox 1194 4601 1368 4662; x_wconf 74' lang='lat' dir='ltr'>dandcmm</span> <span class='ocrx_word' id='word_1_466' title='bbox 1390 4600 1537 4664; x_wconf 76' lang='lat' dir='ltr'>desiderio</span> <span class='ocrx_word' id='word_1_467' title='bbox 1559 4600 1652 4662; x_wconf 80' lang='lat' dir='ltr'>uestri</span> <span class='ocrx_word' id='word_1_468' title='bbox 1673 4607 1699 4660; x_wconf 85' lang='lat' dir='ltr'>at</span> <span class='ocrx_word' id='word_1_469' title='bbox 1714 4617 1814 4660; x_wconf 81' lang='lat' dir='ltr'>ansere</span> <span class='ocrx_word' id='word_1_470' title='bbox 1835 4615 1880 4659; x_wconf 83' lang='lat' dir='ltr'>se-</span> 
     </span>
     <span class='ocr_line' id='line_1_40' title="bbox 268 4707 1882 4794; baseline 0.003 -24"><span class='ocrx_word' id='word_1_471' title='bbox 268 4727 426 4790; x_wconf 79' lang='lat' dir='ltr'>querernnr</span> <span class='ocrx_word' id='word_1_472' title='bbox 447 4715 474 4770; x_wconf 84' lang='lat' dir='ltr'>et</span> <span class='ocrx_word' id='word_1_473' title='bbox 494 4708 593 4770; x_wconf 75' lang='lat' dir='ltr'>eima</span> <span class='ocrx_word' id='word_1_474' title='bbox 613 4719 712 4772; x_wconf 70' lang='lat' dir='ltr'>nemra</span> <span class='ocrx_word' id='word_1_475' title='bbox 733 4729 794 4772; x_wconf 88' lang='lat' dir='ltr'>non</span> <span class='ocrx_word' id='word_1_476' title='bbox 815 4711 933 4774; x_wconf 79' lang='lat' dir='ltr'>mm&#39;rat</span> <span class='ocrx_word' id='word_1_477' title='bbox 952 4713 1040 4794; x_wconf 84' lang='lat' dir='ltr'>pati</span> <span class='ocrx_word' id='word_1_478' title='bbox 1059 4731 1124 4774; x_wconf 81' lang='lat' dir='ltr'>nae</span> <span class='ocrx_word' id='word_1_479' title='bbox 1140 4721 1365 4794; x_wconf 79' lang='lat' dir='ltr'>putaremur</span> <span class='ocrx_word' id='word_1_480' title='bbox 1386 4713 1584 4774; x_wconf 78' lang='lat' dir='ltr'>iniuriam.</span> <span class='ocrx_word' id='word_1_481' title='bbox 1630 4707 1793 4774; x_wconf 89' lang='lat' dir='ltr'>Liuineius</span> <span class='ocrx_word' id='word_1_482' title='bbox 1808 4717 1882 4790; x_wconf 84' lang='lat' dir='ltr'>post</span> 
     </span>
     <span class='ocr_line' id='line_1_41' title="bbox 269 4815 1943 4904; baseline 0.002 -24"><span class='ocrx_word' id='word_1_483' title='bbox 269 4828 294 4880; x_wconf 84' lang='lat' dir='ltr'>at</span> <span class='ocrx_word' id='word_1_484' title='bbox 315 4815 474 4882; x_wconf 88' lang='lat' dir='ltr'>inserebat</span> <span class='ocrx_word' id='word_1_485' title='bbox 496 4839 604 4903; x_wconf 82' lang='lat' dir='ltr'>qnam</span> <span class='ocrx_word' id='word_1_486' title='bbox 625 4819 872 4902; x_wconf 88' lang='lat' dir='ltr'>procederetque</span> <span class='ocrx_word' id='word_1_487' title='bbox 895 4819 995 4885; x_wconf 88' lang='lat' dir='ltr'>oratio</span> <span class='ocrx_word' id='word_1_488' title='bbox 1018 4819 1144 4904; x_wconf 90' lang='lat' dir='ltr'>optime,</span> <span class='ocrx_word' id='word_1_489' title='bbox 1169 4819 1228 4885; x_wconf 91' lang='lat' dir='ltr'>nisi</span> <span class='ocrx_word' id='word_1_490' title='bbox 1251 4825 1368 4886; x_wconf 71' lang='lat' dir='ltr'>same</span> <span class='ocrx_word' id='word_1_491' title='bbox 1383 4819 1598 4887; x_wconf 89' lang='lat' dir='ltr'>coniunctiuus</span> <span class='ocrx_word' id='word_1_492' title='bbox 1615 4839 1716 4904; x_wconf 88' lang='lat' dir='ltr'>neque</span> <span class='ocrx_word' id='word_1_493' title='bbox 1740 4817 1805 4885; x_wconf 83' lang='lat' dir='ltr'>ulla</span> <span class='ocrx_word' id='word_1_494' title='bbox 1828 4840 1881 4885; x_wconf 87' lang='lat' dir='ltr'>ue·</span> <span class='ocrx_word' id='word_1_495' title='bbox 1939 4875 1943 4884; x_wconf 88' lang='lat'>.</span> 
     </span>
     <span class='ocr_line' id='line_1_42' title="bbox 268 4927 1881 5017; baseline 0.006 -25"><span class='ocrx_word' id='word_1_496' title='bbox 268 4927 417 4994; x_wconf 89' lang='lat' dir='ltr'>cessitate</span> <span class='ocrx_word' id='word_1_497' title='bbox 428 4927 550 5012; x_wconf 86' lang='lat' dir='ltr'>positus</span> <span class='ocrx_word' id='word_1_498' title='bbox 562 4933 595 4994; x_wconf 92' lang='lat' dir='ltr'>et</span> <span class='ocrx_word' id='word_1_499' title='bbox 610 4927 718 4996; x_wconf 87' lang='lat' dir='ltr'>borum</span> <span class='ocrx_word' id='word_1_500' title='bbox 734 4937 891 4996; x_wconf 87' lang='lat' dir='ltr'>oratorum</span> <span class='ocrx_word' id='word_1_501' title='bbox 902 4930 1119 4998; x_wconf 89' lang='lat' dir='ltr'>consuetudini</span> <span class='ocrx_word' id='word_1_502' title='bbox 1132 4951 1315 5015; x_wconf 86' lang='lat' dir='ltr'>repugnans</span> <span class='ocrx_word' id='word_1_503' title='bbox 1327 4932 1413 4999; x_wconf 86' lang='lat' dir='ltr'>aliud</span> <span class='ocrx_word' id='word_1_504' title='bbox 1429 4933 1527 4999; x_wconf 89' lang='lat' dir='ltr'>latere</span> <span class='ocrx_word' id='word_1_505' title='bbox 1540 4933 1650 5000; x_wconf 88' lang='lat' dir='ltr'>uitium</span> <span class='ocrx_word' id='word_1_506' title='bbox 1662 4930 1881 5017; x_wconf 84' lang='lat' dir='ltr'>persuaderet.</span> 
     </span>
    </p>
   </div>
   <div class='ocr_carea' id='block_1_5' title="bbox 0 0 2180 5326">
    <p class='ocr_par' dir='ltr' id='par_1_7' title="bbox 0 0 2180 5326">
     <span class='ocr_line' id='line_1_43' title="bbox 0 0 2180 5326; baseline 0 2"><span class='ocrx_word' id='word_1_507' title='bbox 0 0 2180 5326; x_wconf 95' lang='lat' dir='ltr'> </span> 
     </span>
    </p>
   </div>
  </div>
 </body>
</html>
