4350 5326
954 305 1116 428 -ro-

228 527 378 610 positum,
400 524 452 587 aad
475 522 614 586 obtectam
637 519 732 584 lilium
755 519 949 586 intellexisse
964 519 1154 604 sperandum
1179 525 1237 602 est,
1262 517 1359 584 ceteri
1378 517 1525 582 mortales
1541 515 1616 598 quid
1634 516 1693 582 sibi
1712 517 1844 582 uoluerit

236 633 427 716 ignoramus.
466 631 628 698 Acidalius
651 630 787 712 deniqne
811 630 937 714 scripsit
958 654 1019 696 mom
1041 633 1167 696 datam
1189 637 1244 695 aut
1265 651 1325 694 mom
1346 629 1482 712 timeum
1498 627 1700 711 similiterque
1716 627 1843 693 Patarol

237 743 459 826 interpretatus
482 750 532 808 est
554 760 743 824 quamquam
771 749 899 808 seruata
931 743 1078 807 librorum
1107 739 1241 806 lectione
1265 777 1309 788 --
1331 738 1437 823 priora
1458 745 1563 802 autem
1587 737 1668 803 bene
1691 737 1844 804 intellexit

235 887 278 899 —-
297 856 452 938 posciacltb
474 853 501 917 la
522 853 625 918 radici
637 855 716 933 loro,
738 854 911 938 dellopuult'
929 876 990 918 aon
1005 855 1162 938 ooppiomo
1178 853 1204 916 a'l
1217 863 1324 936 termo,
1347 852 1400 915 dol
1413 851 1502 914 mtto
1516 849 1652 934 jbattore
1668 871 1842 937 oppruppo·

233 967 295 1045 teat,
318 968 448 1030 rimcono
473 966 544 1027 mrzr'
564 963 617 1030 att'
639 966 672 1026 r’m
693 969 737 1044 olo,
760 965 858 1028 iuuere
881 965 917 1028 di
932 964 1130 1050 prorsoadmu,
1153 985 1168 1026 o
1190 964 1321 1028 lacrimo
1345 961 1477 1048 affoport
1500 959 1556 1025 oll'
1579 983 1684 1046 acque,
1707 961 1844 1026 mamae

235 1077 267 1138 ul
289 1077 348 1140 sole
370 1078 385 1139 i
404 1077 557 1161 perempti,
578 1095 639 1138 acm
660 1075 801 1155 radicati,
823 1097 875 1138 mu
896 1078 940 1141 ool
962 1078 1075 1162 roperti
1100 1077 1142 1139 du
1160 1095 1237 1160 poco
1259 1085 1349 1138 torro.
1395 1071 1469 1138 milri
1499 1090 1574 1136 uero
1602 1073 1732 1136 debitam
1763 1072 1843 1157 opti·

234 1205 318 1250 mum
340 1183 481 1250 uidetur:
514 1185 573 1250 hoc
601 1184 685 1250 enim
712 1203 854 1251 summas
882 1181 1066 1252 uinitoribus
1097 1204 1193 1251 curae
1223 1192 1273 1251 est
1307 1203 1346 1250 nc
1376 1183 1457 1249 uites
1485 1183 1611 1265 longius
1640 1182 1672 1247 in
1694 1183 1841 1267 palmites

235 1301 421 1362 excrescant
443 1315 523 1362 neue
546 1294 670 1361 radices
693 1294 787 1362 latius
810 1296 1017 1381 explicentur:
1049 1296 1079 1362 ei
1109 1303 1214 1362 autem
1242 1295 1287 1361 rei
1311 1292 1402 1361 statis
1426 1312 1621 1378 perannum
1645 1293 1767 1358 uicibus
1791 1312 1842 1360 ea-

235 1413 311 1470 uent
338 1411 370 1471 et
399 1405 565 1471 sarmentis
595 1406 786 1474 circumcisis
817 1414 849 1472 et
878 1408 1040 1474 scrobibus
1071 1407 1273 1492 repastinatis
1296 1443 1340 1454 -
1364 1403 1448 1487 quod
1471 1403 1553 1468 enim
1576 1409 1701 1469 ueteres
1725 1403 1776 1488 qui
1802 1404 1842 1470 dc

234 1534 268 1580 re
290 1515 409 1582 rustica
429 1523 657 1602 exposuerunt,
682 1517 787 1583 silices
811 1518 861 1584 uel
885 1519 979 1583 rubos
1003 1518 1088 1584 eirca
1110 1517 1234 1583 radices
1257 1516 1289 1581 in
1311 1515 1377 1580 ima
1398 1515 1485 1580 fossa
1508 1513 1675 1599 disponere
1698 1513 1843 1581 iubentes

234 1625 456 1711 laudauerunt,
481 1628 540 1692 hoc
564 1645 636 1692 num
660 1627 731 1692 Itali
754 1626 847 1692 hodie
871 1628 991 1694 faciant
1013 1629 1138 1712 ignoro,
1171 1627 1284 1693 uostris
1307 1626 1340 1691 iu
1364 1624 1465 1691 uineis
1489 1644 1551 1690 non
1575 1645 1624 1690 me
1649 1624 1755 1690 uidere
1778 1645 1843 1692 me·

233 1737 326 1821 mini,
356 1737 388 1803 in
411 1737 573 1802 Rhenanis
601 1736 667 1802 lieri
695 1736 804 1804 itidem
832 1747 951 1821 negant
977 1733 1159 1824 indigenae.
1207 1737 1258 1802 ubi
1286 1737 1383 1820 igitur
1410 1735 1464 1800 illa
1491 1735 1697 1818 repastinatio
1725 1736 1841 1802 omissa

237 1847 340 1928 fuerit,
365 1846 490 1913 radices
511 1847 717 1933 propaginem
740 1855 839 1933 agunt
853 1871 946 1933 quam
971 1851 1089 1916 colonis
1111 1873 1172 1914 nom
1194 1850 1313 1929 debeat,
1336 1846 1395 1912 hoo
1419 1852 1468 1912 est
1490 1845 1630 1912 inutilem
1653 1851 1685 1912 et
1707 1846 1841 1912 noxiam.

238 1963 337 2023 restat
359 1958 458 2024 solum
482 1957 557 2024 illud
581 1961 642 2042 ao,
665 1980 725 2042 qno
742 1960 928 2027 sententiam
951 1961 1069 2026 turbari
1093 1968 1188 2026 antea
1210 1957 1391 2024 obseruari:
1414 1956 1613 2023 scribendum
1637 1955 1761 2023 uidetur
1782 1981 1844 2024 noa

237 2069 365 2134 datam
394 2092 465 2134 nec
494 2071 644 2134 obtectam.

397 2180 441 2245 lb.
469 2185 518 2264 10,
544 2185 564 2248 2
587 2185 630 2245 sic
651 2185 776 2266 abpmot
796 2183 933 2269 turpique
944 2185 1048 2270 jbmtco
1070 2195 1103 2248 m
1125 2183 1232 2268 abique
1242 2184 1380 2268 prooem,
1403 2183 1449 2245 a'm
1464 2177 1627 2265 festinarat:
1650 2183 1693 2246 u'c
1715 2182 1844 2246 calcator

234 2293 268 2352 r'm
290 2302 385 2364 torrae
407 2293 486 2356 codo
509 2295 600 2356 mmo
616 2297 816 2378 perueniunt:
838 2298 881 2359 m'c
903 2297 1029 2380 denique
1051 2297 1159 2358 dr'ut’oo
1180 2295 1239 2359 itta
1260 2317 1356 2374 mama,
1379 2303 1569 2376 punctatum
1595 2294 1744 2356 mumdum
1766 2293 1844 2358 lutae

233 2401 387 2486 pobmmut,
410 2405 561 2488 melpum
583 2408 724 2489 copr'tmu‘t
746 2407 815 2470 sle'co
835 2407 952 2490 fecit.
998 2405 1200 2471 scribendum
1223 2411 1272 2470 est
1303 2405 1423 2488 facit.

394 2513 534 2580 Tribulis
557 2514 671 2600 partim
695 2515 835 2583 remissis
851 2515 1076 2582 Constantinus
1099 2515 1245 2581 miseram
1269 2512 1610 2598 Augustoduneusiom,
1636 2513 1704 2579 sine
1729 2521 1761 2579 ut
1781 2515 1842 2580 En-

235 2621 357 2687 menius
379 2623 426 2689 ait
447 2623 624 2690 Flauiam
647 2625 806 2692 Valerium
819 2626 1057 2693 Constantinum
1080 2625 1201 2692 scilicet
1229 2625 1422 2707 adulaturus,
1435 2623 1659 2707 Fluuiensium
1684 2625 1841 2692 ciuitatem

237 2731 412 2801 adiuuerat
481 2735 521 2802 dc
555 2755 595 2803 ca
627 2735 723 2820 igitur
755 2737 951 2823 imperatoris
984 2737 1172 2803 liberalitate
1206 2737 1285 2802 haee
1319 2743 1392 2802 sunt
1424 2734 1554 2800 oratoris
1588 2736 1687 2801 uerba
1714 2738 1781 2823 (11,
1807 2737 1842 2826 3)

235 2849 404 2910 amaeam
425 2850 483 2912 aaa
504 2858 613 2933 sopitam
634 2849 752 2912 maelium
779 2853 912 2935 capetatm
933 2853 1045 2935 cepisti
1065 2852 1194 2934 quinque
1215 2849 1336 2912 mr'lobm
1358 2849 1469 2913 dedrbtc'
1487 2849 1581 2928 abac,
1614 2850 1723 2914 dedisti
1748 2871 1841 2934 opem,

235 2957 346 3021 dtdtbto'
364 2959 505 3022 solmam
522 2959 707 3044 plusquam
730 2981 762 3024 eo
785 2973 952 3026 amoenum
974 2983 1002 3026 oo
1024 2962 1105 3046 qaod
1126 2959 1286 3040 roborasti,
1316 2982 1408 3044 prema
1428 2937 1561 3022 recidisti
1580 2961 1614 3022 im
1637 2981 1669 3024 ec
1691 2962 1772 3045 meod
1793 2983 1842 3026 re-

234 3071 359 3134 omma.-
382 3092 444 3154 qau
468 3081 551 3134 tonas
572 3082 727 3135 tamtam
747 3071 810 3136 tibi·
818 3073 946 3156 Jtrmaru
968 3083 1135 3156 certamque
1155 3071 1308 3135 redddam
1331 3081 1370 3136 cat
1392 3072 1443 3150 t'd,
1471 3071 1552 3155 quod
1574 3073 1660 3134 irrito
1677 3071 1841 3155 petebatur.

235 3177 394 3244 sententia
414 3180 584 3266 perspicua
611 3188 662 3247 est
683 3180 741 3245 sed
764 3186 904 3246 extrema
931 3181 1030 3248 uerba
1064 3181 1200 3247 noudum
1230 3187 1401 3267 persanata
1429 3188 1512 3246 sunt.
1558 3185 1590 3245 et
1617 3180 1686 3245 libri
1716 3181 1840 3264 quidem

236 3304 277 3352 ea
298 3287 364 3355 lere
388 3289 506 3357 habeut
529 3309 610 3372 quae
633 3289 788 3376 adscripsi
811 3313 851 3358 ex
873 3292 1110 3358 Arntzeniorum
1134 3292 1286 3375 editione,
1317 3291 1379 3357 nisi
1407 3290 1492 3373 qnod
1520 3291 1552 3356 in
1574 3292 1762 3358 Bertiniensi
1786 3312 1842 3377 pro

235 3411 379 3484 ptumam
401 3399 516 3484 legitur
538 3414 680 3487 quaram
701 3403 768 3468 solo
791 3403 852 3468 nisi
874 3403 964 3469 fallor
985 3402 1102 3470 librarii
1127 3423 1229 3470 errore
1253 3409 1363 3468 ortum.
1410 3409 1543 3486 apparet
1566 3401 1751 3468 uocabulum
1773 3416 1842 3468 tom-

235 3521 299 3574 mm
321 3513 511 3578 sententiam
533 3512 668 3596 turbare,
692 3513 800 3597 itaque
823 3515 966 3582 Puteano
990 3522 1044 3581 aut
1067 3513 1192 3598 seiungi
1215 3521 1270 3579 aut
1292 3533 1362 3578 cnm
1385 3512 1540 3597 particula
1562 3526 1626 3577 tom
1649 3513 1761 3580 mutari
1777 3513 1843 3600 pla·

233 3621 306 3686 cuit.
353 3630 428 3707 puto
459 3622 524 3689 neri
557 3622 689 3690 similius
719 3632 752 3690 et
782 3626 958 3692 sententiae
991 3625 1096 3712 aptius
1128 3624 1236 3712 scribi„
1254 3644 1348 3709 posse
1379 3647 1439 3709 prro
1469 3637 1553 3690 tenuo
1589 3627 1750 3690 tamdem
1788 3627 1845 3690 tibi

227 3733 356 3817 fimnum
372 3781 406 3798 ..

395 3843 545 3911 Extrema
567 3844 696 3931 capituli
720 3845 799 3913 haee
823 3856 896 3915 sunl
918 3849 1017 3914 uerba
1039 3873 1056 3914 o
1079 3852 1228 3931 dicabam,
1250 3850 1421 3933 amporam,
1444 3859 1528 3912 taum
1549 3849 1584 3910 im
1604 3849 1744 3912 ocmcudo
1766 3849 1841 3912 clai-

233 3967 292 4022 totc
314 3958 506 4028 mediabant.
551 3961 627 4022 mmet
648 3979 740 4044 capro
763 3981 890 4045 corporo
911 3972 937 4026 et
959 3973 1082 4024 onorata
1115 3963 1367 4046 stupentium
1397 3970 1515 4044 torpore
1543 3958 1743 4023 menbrorum
1763 3980 1840 4022 roao-

234 4079 300 4131 cota
322 4070 427 4154 oliqnu
448 4071 498 4132 otta'
513 4081 602 4154 putta
623 4082 783 4151 comatur,
813 4083 845 4135 ut
873 4075 1033 4136 aluminata
1062 4075 1183 4157 atoma
1212 4093 1288 4156 panc
1316 4081 1494 4155 mappermo
1521 4070 1689 4154 torpebant,
1718 4073 1762 4133 r'ta
1789 4093 1843 4136 uos

234 4181 329 4242 mocio
350 4180 587 4265 paludamenti,
610 4181 706 4244 Immo
728 4201 814 4246 onore
837 4186 1051 4270 cmamptruao.
1075 4193 1329 4268 aaapporato
1351 4200 1391 4246 ex
1414 4179 1521 4246 codice
1544 4179 1733 4246 Bertiniensi
1755 4187 1841 4248 recte

236 4288 354 4370 recepit
375 4289 553 4373 Liuineius,
590 4289 678 4354 nihili
706 4291 788 4356 enim
823 4311 895 4360 csse
923 4293 1006 4376 qnod
1035 4293 1087 4358 alii
1114 4292 1268 4378 praebent
1297 4292 1470 4357 amasam
1497 4291 1648 4374 Iaegerus
1678 4291 1758 4358 bene
1787 4291 1841 4359 de·

235 4398 428 4464 monstrauit.
473 4402 502 4468 si
526 4407 630 4469 autem
655 4420 787 4484 corpora
809 4411 1054 4488 exaggerata
1075 4403 1257 4488 torpebant,
1282 4422 1344 4468 non
1367 4409 1452 4469 recte
1476 4407 1571 4468 antea
1593 4401 1734 4469 membra
1762 4411 1841 4470 stu·

234 4527 326 4592 pero
358 4507 511 4576 dicuutur.
557 4531 746 4596 quamquam
775 4511 858 4578 onim
885 4513 1033 4599 stupendi
1061 4513 1189 4580 uerbum
1221 4513 1317 4580 eliam
1339 4513 1379 4579 de
1403 4510 1583 4597 corporibus
1606 4520 1774 4598 usurpatur
1796 4549 1841 4562 -·

234 4617 332 4686 ueluti
357 4618 468 4685 Celsus
492 4622 536 4686 lll
560 4627 603 4693 26
626 4625 715 4710 (117,
738 4626 762 4690 4
782 4623 875 4711 Dar.)
920 4619 1097 4692 ‘attonitos'
1132 4624 1232 4708 inquit
1252 4621 1391 4708 ‘quoque
1414 4643 1485 4688 raro
1508 4621 1663 4690 uidemus.
1711 4643 1840 4708 quorum

234 4735 267 4795 et
289 4749 403 4814 corpus
426 4737 459 4795 et
481 4751 570 4799 meos
591 4731 698 4820 stapat'
721 4771 765 4784 -
789 4741 893 4800 nostm
915 4737 981 4802 loro
1005 4736 1046 4802 de
1068 4735 1216 4802 membris
1244 4733 1554 4802 tumescentibus
1583 4733 1705 4817 dicitur,
1729 4743 1765 4800 ut
1786 4755 1841 4822 ap¹⁴

232 4848 344 4923 pareat
372 4841 572 4908 scribendum
602 4864 673 4910 esse
703 4858 729 4910 at
756 4859 879 4912 onerum
913 4849 1153 4912 tumentium
1184 4859 1303 4934 torpore
1329 4846 1538 4910 membratura.
1596 4845 1749 4931 exemplis
1778 4866 1842 4914 non

232 4970 312 5038 opus
335 4959 399 5040 est,
422 4953 476 5037 qui
499 4953 639 5038 requiret
662 4953 789 5024 Celsum
817 4956 914 5024 adeat
936 4958 1021 5024 uelut
1043 4957 1089 5022 111
1112 4962 1153 5025 21
1179 4955 1270 5045 (106,
1298 4961 1326 5026 1.
1352 4960 1427 5042 108,
1454 4961 1495 5026 10
1517 4961 1550 5022 et
1572 4959 1616 5024 30
1638 4957 1730 5044 Dar.)
