4350 5326
1110 285 1162 372 10

494 502 538 568 lb.
562 509 593 585 9,
622 511 635 569 l
663 504 757 587 uulgo
786 503 832 568 ita
860 501 963 567 editur
990 507 1057 588 qaia
1084 507 1138 568 boc
1164 527 1299 590 unqeam
1316 505 1477 588 pictonum,
1510 508 1598 568 etiam
1625 511 1654 570 ei
1674 529 1776 570 coram
1796 509 1933 572 uelabant

332 613 439 700 affori,
470 615 543 678 dare
573 625 640 678 aute
661 637 715 677 uos
731 617 886 699 principa
902 615 1085 699 peruadere
1101 619 1246 700 pausaret
1271 615 1353 699 qaod
1374 636 1455 678 nunc
1480 617 1614 679 utitinam
1635 627 1662 680 et
1682 619 1837 682 uidemur.-
1867 623 1936 684 totis

326 725 494 812 porticibus
520 729 675 790 mutatum
703 727 802 790 oedem
830 727 950 810 captiua
973 728 1095 811 aqrnina
1116 725 1327 805 barbarorum,
1356 727 1441 789 uiros
1463 726 1722 810 connectentur
1743 729 1934 812 trepriiantea,

331 840 598 922 respicientes
620 859 696 900 anuo
717 837 874 922 iqnauiam
888 835 1043 918 filiorum,
1073 847 1184 923 nuptas
1205 837 1397 916 nominum,
1429 839 1640 921 copulatae
1660 839 1798 920 uinculis,
1821 861 1934 924 pueros

332 971 367 1012 ac
385 949 503 1034 puellae
515 947 674 1032 sarnilrbri
692 967 846 1010 nmmnure
867 945 1063 1028 blandimtea,
1095 958 1182 1032 otqrm
1202 949 1255 1012 laos
1282 967 1382 1010 omnes
1399 948 1642 1032 quoainorblibm
1663 954 1767 1014 aeneia
1789 953 1831 1015 no
1852 951 1931 1016 obae-

292 1087 294 1094 ⁴
331 1063 437 1144 quium
459 1058 638 1140 distributos,
661 1059 754 1122 donec
775 1059 817 1122 ad
840 1059 997 1122 uminum
1017 1059 1078 1122 sibi
1098 1061 1193 1122 calna
1213 1060 1410 1123 solitudinum
1431 1058 1628 1123 ducerentur?
1673 1079 1735 1125 non
1758 1060 1849 1127 uideo
1872 1079 1932 1145 quo

333 1169 425 1234 modo
449 1169 582 1234 miserae
605 1167 678 1234 illae
702 1167 845 1234 aniculae
872 1167 1120 1252 respexerint
1149 1187 1273 1233 suorum
1297 1168 1470 1251 ignauiam:
1499 1166 1697 1234 scribendum
1720 1177 1770 1236 est
1798 1175 1820 1237 d
1829 1177 1932 1258 aspi·

332 1285 493 1346 cientes.
540 1278 655 1346 deiude
678 1277 777 1344 uerba
799 1279 1015 1364 copulatae
1035 1281 1164 1343 uinariis
1188 1277 1241 1342 uix
1261 1277 1402 1360 intellegi
1419 1285 1563 1363 possunt:
1586 1278 1749 1344 lenissima
1764 1283 1934 1349 mutatione

331 1409 410 1476 opus
426 1397 475 1456 est
489 1395 524 1454 ut
539 1409 646 1455 ueram
661 1389 806 1457 Eumenii
821 1387 1009 1454 seutentiam
1024 1387 1212 1454 reducamus
1236 1411 1333 1475 capu
1343 1391 1447 1454 latos
1460 1391 1590 1453 uinculis
1598 1411 1711 1474 pueros
1725 1415 1761 1454 ac
1771 1396 1891 1477 malac
1903 1442 1933 1460 ..

331 1507 472 1567 extrema
493 1498 634 1565 eiusdem
658 1501 786 1585 capituli
810 1499 890 1564 haec
915 1505 964 1564 est
986 1499 1145 1566 sententia
1166 1503 1251 1566 caiae
1266 1499 1347 1586 (soil.
1364 1499 1451 1586 belli)
1473 1503 1659 1586 mesquitam,
1684 1501 1793 1567 Caesar
1813 1507 1933 1585 inuicte,

330 1613 386 1678 bac
407 1623 490 1676 imus
511 1611 713 1696 replicabitur,
733 1614 763 1675 ci
778 1615 868 1698 priua
890 1612 992 1675 dicam
1014 1633 1105 1698 quam
1126 1615 1323 1676 anemurium
1336 1613 1417 1676 ilbcal
1439 1623 1465 1676 et
1479 1611 1602 1696 dqfiale
1616 1611 1838 1698 bellumsuerrt,
1861 1635 1932 1699 quo

330 1727 456 1810 maqio
478 1723 641 1808 conj'ectam
663 1725 710 1786 ait.
755 1740 818 1786 non
840 1739 945 1806 pauca
967 1729 1039 1787 suut
1062 1741 1143 1804 quae
1167 1721 1309 1788 homiues
1337 1720 1424 1786 docti
1454 1720 1494 1785 de
1523 1719 1582 1785 hoa
1610 1721 1679 1786 loco
1702 1728 1933 1808 temptauerunt

330 1853 433 1917 neque
457 1832 638 1918 displiceret
660 1831 743 1915 quod
766 1831 945 1916 Boudamo,
970 1831 1086 1898 homini
1109 1830 1201 1898 docto
1224 1837 1256 1897 et
1279 1838 1385 1915 acuto,
1409 1831 1442 1895 in
1465 1835 1599 1896 mentem
1623 1832 1711 1898 uenit
1733 1836 1838 1918 qaod
1859 1859 1879 1898 o
1900 1847 1934 1900 te

330 1945 495 2031 consectum
514 1947 561 2026 art,
584 1941 645 2008 uisi
669 1941 885 2009 coniunctium
907 1943 1090 2009 offenderat.
1135 1943 1242 2026 itaque
1265 1940 1445 2008 retinuerim
1480 1953 1554 2006 ote
1586 1940 1644 2007 sed
1671 1943 1800 2027 propius
1830 1945 1871 2010 ad
1895 1965 1935 2012 ea

331 2075 413 2140 quae
436 2054 553 2121 tradita
575 2061 648 2120 sunt
671 2053 788 2120 accedo
810 2054 856 2119 ita
877 2053 987 2140 legens
1011 2078 1079 2120 cum
1106 2053 1241 2141 (scilicet
1263 2053 1411 2139 scriptum
1435 2053 1562 2138 quom)
1595 2077 1614 2116 o
1640 2065 1675 2117 ta
1703 2055 1866 2138 consenum
1886 2061 1934 2122 nt.

343 2147 344 2152 ἵ
491 2165 601 2248 Pergit
623 2163 791 2230 Eumenius
814 2164 897 2230 hune
919 2165 951 2229 iu
974 2165 1100 2230 modum
1124 2163 1196 2251 (10,
1223 2163 1261 2248 1)
1284 2168 1383 2228 minus
1409 2166 1571 2247 indiqnum
1590 2166 1697 2250 fuerat
1724 2165 1776 2229 sub
1793 2171 1935 2253 pnnorpe

333 2275 469 2342 Gallieno
492 2280 632 2364 quamuis
652 2279 733 2340 trumo
754 2277 864 2339 luorum
891 2279 1121 2361 prouinciarum
1154 2299 1174 2338 a
1195 2277 1335 2340 Rauenna
1363 2277 1427 2340 luce
1456 2275 1628 2338 deicidium.
1680 2287 1751 2340 tuno
1772 2281 1850 2342 caim
1870 2282 1934 2342 mue

330 2389 450 2450 incuria
472 2411 605 2453 rerum
626 2389 689 2451 erue
711 2388 845 2472 quadam
866 2389 1059 2452 inclinatione
1071 2387 1213 2472 saonam
1235 2385 1371 2450 onmabaa
1388 2385 1460 2472 foro
1481 2386 1619 2449 menbris
1642 2398 1705 2450 erat
1731 2399 1935 2453 truncatura

325 2498 461 2584 publica.
507 2517 598 2564 nemo
621 2495 706 2563 dicet
737 2495 879 2580 quibus
902 2497 1017 2564 rebus
1050 2515 1143 2562 curae
1173 2496 1225 2562 uel
1254 2495 1348 2562 fuerit
1377 2495 1430 2561 uel
1459 2514 1531 2560 esee
1559 2494 1703 2560 debuerit
1731 2497 1934 2582 respublica

331 2608 482 2692 Romana,
507 2606 601 2673 deos
624 2607 728 2691 potius
751 2607 884 2673 Romani
907 2607 1003 2674 iratos
1027 2607 1087 2673 sibi
1112 2605 1375 2673 credideruntci.
1399 2605 1483 2670 uitae
1500 2605 1636 2672 Gallieni
1658 2605 1710 2695 (5)
1733 2607 1813 2672 haec
1837 2609 1935 2675 uerba

330 2715 408 2804 'pax
430 2718 527 2804 igitur
549 2718 642 2784 deum
666 2717 812 2801 quaesita
833 2717 984 2803 inspectis
1008 2717 1149 2802 Sibyllae
1172 2717 1258 2783 libris
1350 2717 1456 2800 itaque
1479 2715 1651 2782 Eumenius
1674 2717 1800 2802 scripsit
1814 2724 1934 2785 incun'a

332 2833 511 2895 deorum:
536 2829 635 2895 simile
658 2834 708 2894 est
730 2827 813 2912 quod
836 2837 945 2894 auctor
959 2828 1143 2913 panegyrici
1159 2819 1349 2894 Maximiano
1371 2835 1404 2894 et
1419 2827 1624 2894 Constantino
1646 2829 1768 2914 dieue,
1797 2839 1814 2899 1
1838 2829 1934 2899 habet

332 2942 475 3027 quibua
497 2940 579 3028 (seil.
603 2938 687 3026 deis)
710 2941 817 3004 abiud
830 2938 960 3024 sorbuere
988 2939 1210 3004 curantibus
1236 2942 1398 3025 qnandinea
1419 2951 1527 3018 ruunt,
1549 2949 1645 3002 terroe
1665 2943 1825 3024 deducunt,
1847 2945 1933 3009 urbes
2027 3001 2031 3006 .

331 3055 523 3118 hauriuntur.
568 3074 645 3138 quoe
666 3075 727 3116 non
748 3053 810 3116 illis
831 3047 1053 3138 [lmuriuntur]
1068 3049 1231 3115 uolentibus
1251 3051 1303 3114 aed
1325 3061 1377 3113 met
1391 3051 1535 3114 aliorsum
1550 3051 1757 3133 arpennem
1772 3067 1824 3118 arnt
1835 3055 1936 3139 fatali

331 3185 434 3229 rernm
445 3187 533 3228 cursu
548 3175 669 3250 arquato
683 3163 825 3227 uidentur
841 3163 982 3226 motion
999 3199 1042 3210 --
1064 3160 1242 3226 adscribam
1262 3179 1343 3243 quae
1363 3159 1448 3245 apud
1464 3159 1648 3224 Eumenium
1665 3169 1813 3228 secuntur
1829 3166 1934 3248 qualia

332 3274 511 3340 Arntzeniis
533 3275 719 3360 placuerunt
749 3271 864 3357 spretis
896 3270 1016 3337 scilicet
1048 3271 1174 3356 optimis
1203 3278 1235 3336 et
1264 3270 1425 3336 codicibus
1456 3277 1489 3335 et
1519 3268 1790 3340 emendationibus
1812 3287 1883 3342 tane
1905 3301 1935 3342 se

334 3387 375 3452 M
379 3387 474 3451 edus
497 3387 670 3450 ethtbua
693 3385 836 3450 antulerat
858 3383 1095 3467 etPalmqrenun
1116 3394 1311 3468 ecquonam
1333 3393 1395 3446 tota
1410 3380 1564 3467 Aeqpqrtue
1586 3394 1612 3446 et
1625 3382 1735 3470 Syriae
1750 3386 1934 3470 dejecerant5

334 3501 443 3562 amuco
464 3499 573 3563 Raetia
594 3495 745 3561 Noricum
766 3497 1001 3580 Pannonioequc
1027 3505 1168 3558 naamon
1214 3493 1306 3558 ltalia
1331 3495 1399 3581 qtae
1425 3497 1557 3578 pomum
1587 3496 1711 3559 donnino
1726 3497 1934 3580 plum'mancm

332 3611 454 3675 urbium
475 3631 600 3673 meum
622 3609 739 3672 accidia
760 3606 918 3671 nanctae
974 3628 1035 3670 non
1066 3617 1129 3670 erat
1158 3616 1313 3670 tautum
1343 3604 1502 3668 doloris
1531 3609 1565 3669 iu
1594 3607 1720 3691 sinqulia
1749 3629 1935 3695 campanae
1988 3591 1990 3596 ¹

334 3721 472 3787 omnibm
493 3732 659 3786 careret.
705 3726 738 3785 et
760 3719 800 3784 M
806 3719 900 3783 edas
922 3716 1048 3799 quidem
1072 3735 1132 3782 nou
1157 3721 1206 3782 est
1227 3715 1260 3779 in
1275 3713 1500 3798 antiquioribus
1514 3716 1602 3781 libris
1618 3715 1755 3798 nihilque
1772 3690 1934 3786 biedorum

334 3833 392 3898 tuit
415 3851 485 3898 eum
509 3829 653 3897 eutem
676 3828 805 3913 negotii.
853 3834 975 3893 ueteres
998 3826 1068 3892 libri
1090 3825 1244 3912 praebent
1265 3829 1448 3908 nimium,
1471 3824 1554 3909 quod
1576 3823 1738 3894 Acidalius
1759 3838 1846 3897 recte
1869 3851 1934 3897 mu·

334 3943 414 4010 teuit
435 3943 467 4008 in
489 3945 694 4008 nimirum.
738 3957 796 4027 pro
818 3951 973 4004 tantam
995 3939 1151 4004 doloris
1172 3937 1288 4022 optime
1311 3935 1473 4000 Liuineius
1496 3937 1631 4002 restituit
1653 3945 1760 4005 tanti
1788 3945 1933 4007 dolere.

335 4054 449 4121 deinde
473 4073 536 4120 nou
559 4065 713 4119 careret
734 4051 850 4135 legitur
870 4050 902 4116 in
927 4056 1033 4116 uetere
1056 4047 1191 4114 Liuineii
1206 4045 1457 4129 Bertiuiensique
1473 4046 1632 4115 codicibus
1648 4050 1706 4116 sed
1729 4065 1933 4136 careretur,
1986 4097 1989 4104 .

335 4164 418 4250 quod
441 4173 526 4232 recte
549 4165 600 4249 qui
624 4161 781 4248 Delphina
805 4162 972 4228 editionem
996 4159 1150 4225 curabant
1172 4158 1306 4224 Cellario
1325 4157 1545 4243 probauerunt.

497 4277 542 4342 lb.
562 4279 612 4358 14,
629 4279 650 4344 4
668 4277 801 4362 paimei
814 4275 935 4360 quidem
950 4296 969 4335 a
984 4271 1190 4338 Gauianus
1201 4273 1297 4336 littore
1310 4273 1449 4358 marmio
1460 4271 1623 4356 saucium
1636 4276 1768 4337 innectas
1783 4273 1935 4342 Oceanum

336 4394 425 4457 etiam
445 4391 497 4456 illi
510 4391 652 4453 macena·
663 4399 714 4452 tuo
730 4407 817 4472 quern
830 4383 856 4450 S
865 4406 934 4468 equ
945 4406 1021 4446 ana
1042 4387 1057 4447 i
1063 4407 1085 4447 n
1097 4383 1167 4470 flu
1178 4395 1263 4448 ctus
1284 4386 1438 4448 inuenerat
1452 4383 1681 4447 irremeabilem
1694 4386 1820 4451 iniuncti
1832 4391 1936 4452 ruentis

336 4506 484 4584 arderem,
507 4503 581 4564 adeo
603 4511 637 4564 uc
659 4497 864 4563 munenibus
894 4495 992 4560 natm
1014 4495 1139 4559 ducibus
1161 4498 1240 4560 coelo
1263 4508 1288 4560 n
1315 4497 1398 4559 mari
1417 4493 1544 4558 turbidis
1565 4495 1644 4558 ultro
1665 4498 1785 4580 aiqnum
1805 4501 1934 4582 nouiqu-

335 4617 423 4680 tionio
446 4623 617 4699 eupatorem,
639 4612 788 4696 quaedam
810 4609 943 4672 minacia
963 4609 1050 4692 eiqna
1072 4628 1148 4691 qum
1168 4606 1415 4672 uidebantur
1436 4617 1642 4686 concanora,
1671 4608 1720 4671 clia
1735 4609 1844 4693 pluuia
1867 4609 1936 4672 uela

326 4729 453 4813 sacret,
475 4735 596 4790 umbem
618 4727 691 4811 quio
713 4725 841 4787 debemus
861 4741 923 4782 non
946 4730 1008 4784 erm
1030 4728 1162 4804 capmn
1183 4719 1345 4804 obliquum.
1389 4719 1436 4783 ita
1459 4725 1492 4782 ut
1515 4717 1628 4802 eclipsi
1642 4719 1797 4800 uulgatus,
1822 4716 1880 4782 sed
1903 4717 1936 4783 in

337 4836 525 4904 Bertiuiensi
541 4843 590 4902 est
604 4857 691 4924 qarnn
710 4833 938 4919 Sequanam
958 4834 1043 4896 uici
1062 4833 1225 4894 nnuman.
1260 4827 1411 4913 quidquid
1427 4835 1532 4895 autem
1547 4835 1712 4916 praeterea
1727 4827 1760 4892 iu
1775 4827 1935 4895 codicibus
