4350 5326
279 494 331 560 die
355 496 398 562 Vl
420 498 505 582 Juhi,
531 498 571 565 Α.
598 505 692 586 1454,
717 502 749 567 in
772 502 919 584 ligatura,
944 502 1039 566 multo
1062 500 1189 584 quidem
1212 501 1386 566 recentiore
1409 519 1513 584 mann,
1538 521 1632 586 quarn
1655 521 1736 586 qnae
1760 501 1793 567 in
1815 502 1885 587 ipso

279 605 387 674 codice
411 605 771 695 comparetanuotauit‘
801 632 862 696 ego
892 612 965 678 olim
988 634 1027 678 ex
1050 611 1241 678 bibliotheca
1264 610 1588 678 Oaroliruhensi
1611 613 1752 680 codicem
1775 619 1887 680 nactus

279 718 332 802 qui
349 737 430 784 nuuc
445 719 528 786 inter
542 723 644 788 Dnrl
655 744 833 791 accuses
857 731 906 791 est
921 723 1096 790 tricesimus
1112 730 1230 806 sextus,
1246 722 1331 788 idem
1346 723 1421 789 illud
1438 723 1558 788 scilieet
1573 727 1622 789 die
1646 725 1692 790 VI
1703 725 1782 810 Juby
1800 725 1885 790 1464

280 869 323 878 -
347 837 455 898 cetera
477 832 522 896 ita
545 841 740 900 erranoeruut
763 843 797 900 ut
812 835 888 902 nihil
911 835 1044 919 amplius
1066 834 1179 921 dispici
1195 835 1331 919 potuerit
1354 873 1396 882 —-
1420 833 1604 919 inscriptum
1618 835 1731 920 reperi.
1778 836 1885 920 itaque

279 939 416 1007 dubitari
441 942 494 1008 uix
518 945 644 1030 poterit·
657 946 731 1028 quin
755 945 805 1012 hic
826 946 911 1012 idern
931 946 983 1012 ille
1000 945 1171 1013 Schwarzii
1194 946 1273 1013 liber
1293 947 1343 1012 sit.
1391 944 1449 1012 sed
1465 965 1557 1030 quem
1572 945 1772 1013 Schwarzins
1794 945 1884 1030 ‘qna-

279 1052 496 1137 drigentorum
520 1075 670 1122 annornm
694 1054 777 1123 esse'
802 1058 939 1143 putauit,
964 1057 991 1122 is
1008 1058 1135 1124 saeculo
1158 1058 1265 1140 quinto
1280 1057 1404 1124 decimo
1427 1055 1485 1122 sed
1508 1055 1668 1122 alibrario
1690 1058 1795 1142 aliquo
1811 1079 1883 1126 exa-

279 1171 365 1230 ratus
389 1173 455 1250 est,
486 1167 540 1251 qui
568 1167 760 1250 antiquiores
789 1169 993 1234 litterularum
1015 1168 1128 1234 ductus
1159 1207 1201 1218 -
1224 1168 1257 1234 id
1285 1168 1369 1252 qnod
1392 1188 1430 1235 eo
1454 1187 1534 1233 aeno
1557 1168 1743 1252 saepissime
1766 1169 1884 1236 iactum
1940 1232 1944 1240 .

280 1296 352 1343 esse
375 1277 527 1344 innumeri
553 1279 680 1345 codices
704 1279 889 1365 superstites
911 1285 1068 1346 testantur
1082 1318 1126 1328 —
1141 1278 1246 1362 quoad
1266 1279 1332 1345 lieri
1346 1280 1448 1364 potuit
1462 1280 1652 1346 imitabatur.
1692 1279 1774 1350 huuc
1790 1280 1886 1364 igitur

279 1395 312 1454 et
334 1389 533 1458 Schwarzius
558 1389 793 1476 ‘perantiquum
816 1398 848 1458 et
870 1389 1048 1476 egregium‘
1072 1391 1246 1478 (panegyr.
1269 1389 1349 1456 Plin.
1373 1411 1404 1475 p.
1431 1391 1514 1479 732)
1537 1411 1609 1458 esse
1632 1393 1756 1476 putauit
1782 1392 1829 1458 ita
1851 1401 1885 1458 ut

280 1501 396 1586 ubique
425 1521 507 1587 quae
536 1503 663 1570 exhibet
692 1502 864 1569 oratoribus
895 1503 1010 1570 nostris
1040 1503 1220 1584 obtruseu't,
1252 1508 1285 1566 et
1314 1502 1464 1586 laegerus
1487 1503 1710 1587 Arutzeuiique
1734 1503 1830 1568 etiam
1851 1505 1882 1568 in

282 1613 460 1680 manifestis
483 1614 666 1700 corruptelis
690 1614 781 1699 quasi
805 1614 1017 1680 caecutientes
1041 1615 1140 1680 secuti
1157 1619 1239 1696 sunt,
1263 1632 1453 1697 quamquam
1476 1616 1528 1680 uel
1542 1616 1643 1681 maius
1658 1615 1719 1681 illis
1735 1614 1882 1680 damnum

279 1723 394 1790 illaturi
418 1725 564 1808 inissent,
594 1725 622 1792 si
654 1727 803 1810 laegerus
828 1725 968 1792 codicem
999 1761 1039 1772 -·
1070 1732 1102 1790 et
1129 1724 1214 1790 enirn
1236 1723 1396 1790 Arntzenii
1419 1745 1481 1792 uon
1503 1726 1649 1792 uiderunt
1670 1765 1714 1776 —
1737 1733 1884 1792 accurate

280 1843 425 1902 excutere
449 1835 598 1919 dignatus
621 1837 743 1902 luisset.
783 1857 843 1920 ego
867 1855 970 1921 penca
985 1835 1130 1920 exempla
1155 1836 1340 1920 apposuisse
1364 1835 1442 1903 satis
1458 1836 1590 1902 habebo.
1629 1836 1735 1920 itaque
1751 1837 1884 1922 primum

280 1947 408 2029 quidem
431 1967 492 2013 non
517 1948 617 2013 solnm
642 1949 794 2014 uocabula
818 1948 874 2013 sed
900 1947 992 2012 etiam
1022 1947 1163 2029 integras
1191 1947 1365 2012 sententias
1393 1947 1497 2012 omisit
1524 1945 1668 2012 librarius
1698 1949 1794 2013 ueluti
1818 1949 1884 2014 Ma-

279 2058 403 2124 mertini
425 2079 542 2144 paneg.
567 2059 693 2126 Maxim.
710 2065 739 2144 7,
757 2063 890 2126 dromo
913 2061 1013 2124 Miseni
1033 2061 1162 2124 αἰιιιιιιιι.
1189 2063 1239 2142 13,
1257 2064 1279 2126 4
1294 2071 1404 2144 morto
1427 2063 1524 2146 mapa
1544 2060 1623 2124 bene
1644 2061 1776 2124 oetatem
1796 2083 1884 2124 auam

281 2171 360 2234 diem
391 2173 504 2236 coleret.
540 2172 683 2238 Mamert.
714 2171 909 2240 Genethliac.
939 2170 1122 2236 Maximiani
1148 2175 1182 2254 l,
1213 2178 1233 2238 6
1256 2173 1308 2236 aed
1336 2173 1435 2236 electa
1480 2181 1584 2235 notam
1606 2183 1646 2234 ert
1667 2193 1754 2257 saepe
1777 2174 1886 2236 reden

274 2283 452 2368 perentibus
474 2295 559 2348 notor
582 2306 640 2348 esee
662 2286 835 2350 dr'esinrt'lee:
858 2285 1037 2348 carissimae
1049 2279 1256 2365 fraternitates
1274 2295 1328 2348 eet.
1356 2287 1404 2364 13,
1419 2287 1439 2350 2
1454 2293 1631 2368 temporem.
1658 2283 1739 2362 17,1
1764 2285 1798 2345 r'n
1819 2286 1881 2345 ιιίι-

280 2415 357 2456 cera.
382 2393 526 2460 Eumeuii
549 2415 593 2459 or.
609 2416 666 2479 pro
688 2402 820 2462 restaur.
844 2392 962 2460 scholis
987 2397 1038 2476 12,
1066 2398 1082 2462 1
1100 2394 1224 2458 benetie
1245 2417 1316 2458 nero
1338 2394 1504 2459 rationales
1520 2415 1607 2479 posse
1630 2396 1781 2479 acquirere
1801 2415 1882 2456 erm-

280 2527 364 2568 ιιιιιιιι
387 2509 475 2570 etiarn
498 2509 527 2569 ai
547 2518 701 2592 ᾳιιαιιιιιιιι
715 2509 862 2571 renidere
883 2507 1001 2570 luerem
1024 2517 1073 2570 eet.
1093 2511 1144 2586 13,
1160 2511 1302 2590 lpetnrtt.
1326 2505 1369 2570 ib.
1385 2506 1607 2570 recreandam.
1634 2509 1684 2586 l'l,
1697 2509 1717 2572 3
1732 2506 1885 2568 Ιιοιιιιιιιιιιι

281 2639 381 2682 eume
403 2620 557 2682 dodanus
580 2629 666 2703 atque
688 2619 776 2682 barba
798 2621 892 2702 ipsias
914 2622 1012 2703 operte
1032 2621 1220 2683 screatione
1235 2619 1392 2684 demtum.
1420 2616 1552 2682 Idumen.
1569 2635 1685 2700 paneg.
1703 2615 1885 2680 Constantio

280 2726 311 2791 d.
332 2735 359 2810 1,
383 2733 405 2798 4
422 2741 474 2792 aret
491 2741 560 2814 poet
582 2730 735 2793 indultam
751 2753 770 2792 a
786 2732 898 2814 pietate
917 2741 1016 2794 acstro
1031 2733 1156 2815 quietern
1169 2731 1304 2794 steritem
1317 2731 1400 2794 ruris
1415 2729 1581 2810 obdurent,
1604 2728 1668 2792 alia
1683 2725 1761 2792 satis
1777 2726 1884 2792 multa.

281 2857 389 2904 ueram
412 2840 543 2905 aliorum
573 2839 719 2905 librorum
748 2838 914 2906 lectionem
941 2840 1128 2924 saepissime
1158 2841 1295 2924 corrupit
1325 2839 1420 2906 ueluti
1448 2840 1593 2905 Mamert.
1615 2859 1732 2923 paneg.
1756 2838 1883 2902 Maxim.

283 2956 334 3038 10,
359 2956 379 3018 3
403 2971 459 3035 pro
482 2952 561 3016 Indo
584 2955 649 3038 repi
670 2949 798 3016 exhibet
825 2953 913 3016 uredo
941 2953 1067 3037 repr'bus.
1091 2953 1234 3017 Mamert.
1265 2951 1410 3019 Genethl.
1435 2949 1562 3015 Maxim.
1592 2955 1623 3032 3,
1650 2957 1667 3018 1
1691 2969 1749 3034 pro
1766 2954 1887 3036 penetres

280 3065 406 3126 uastare
429 3062 525 3128 habet
547 3068 673 3149 depietae
694 3065 850 3128 deridete.
874 3067 939 3147 3,2
962 3087 1035 3127 uam
1057 3065 1233 3128 debirarum
1255 3067 1390 3128 maniam
1411 3081 1468 3145 pro
1491 3085 1564 3126 eam
1580 3065 1720 3147 pernam
1741 3063 1886 3124 cumdem.

282 3171 414 3238 Eumen.
439 3193 482 3238 or.
500 3194 530 3259 p.
554 3183 628 3242 rest.
654 3175 722 3242 soh.
739 3180 775 3258 2,
800 3179 821 3242 5
845 3174 898 3238 nix
920 3174 1069 3240 credibile
1093 3181 1142 3241 est
1165 3195 1205 3240 ex
1228 3174 1287 3240 hoc
1311 3173 1419 3240 codice
1442 3193 1498 3258 pro
1520 3175 1661 3238 taboram
1686 3195 1775 3237 sonae
1797 3170 1885 3236 resti·

280 3284 379 3350 tuisse
402 3286 554 3350 turbatura
575 3309 665 3352 sonae
686 3285 925 3352 Arntaeuioruru
949 3284 1080 3352 alterum
1103 3293 1216 3352 uuum.
1262 3285 1419 3352 neminem
1441 3285 1553 3368 igitur,
1577 3291 1611 3348 ut
1632 3283 1743 3368 paucis
1767 3282 1817 3348 his
1840 3283 1886 3348 in·

281 3397 496 3480 terpolatiouis
520 3398 671 3484 exemplis
694 3397 868 3480 defungar,
899 3396 975 3462 talia
997 3397 1120 3480 iahent,
1150 3397 1242 3481 quale
1273 3395 1428 3479 estquod
1450 3396 1594 3460 Mamert.
1618 3414 1733 3480 paneg.
1757 3393 1885 3460 Maxim.

282 3509 313 3590 5,
331 3511 351 3575 2
367 3507 465 3574 haece
488 3521 521 3573 ta
536 3513 624 3592 eninr,
647 3512 770 3575 debiuee
780 3511 991 3595 procidentiae
1005 3511 1178 3594 impostor,
1199 3511 1320 3574 emedio
1330 3511 1421 3594 priua
1436 3531 1528 3594 prtem
1548 3510 1585 3571 tri
1603 3507 1712 3571 bellom
1725 3507 1889 3591 persedere

281 3630 391 3683 retas
414 3631 519 3686 ceteros
541 3623 662 3706 que'deru
680 3622 863 3708 persimiles,
894 3620 1001 3705 quibes
1022 3624 1089 3705 t'pm
1116 3621 1276 3684 mehr'tudo
1301 3620 1620 3706 pestifera-eret,
1645 3617 1704 3704 (ita
1725 3616 1889 3682 Liuineius

283 3730 458 3796 rectissime
482 3751 582 3798 exeo
605 3731 689 3816 quod
713 3732 813 3798 codex
836 3732 1041 3797 Bertiuieusis
1065 3731 1193 3796 exhibet
1218 3732 1433 3818 pestiferat)
1465 3735 1509 3796 tre
1527 3752 1636 3816 porres
1657 3749 1686 3793 ee
1706 3732 1740 3792 in
1756 3727 1888 3814 perplan-

284 3843 358 3906 dera
370 3843 490 3928 fantem
512 3843 558 3908 ita
580 3842 727 3925 leguntur
749 3845 783 3909 in
812 3844 890 3909 libro
913 3843 1136 3910 Schwamiauo
1164 3855 1197 3908 ta
1226 3847 1304 3910 enim
1332 3845 1456 3909 diuinae
1479 3842 1690 3927 prouidentiae
1715 3843 1887 3925 imperator,

284 3957 405 4019 cenatio
425 3958 513 4042 praba
534 3977 626 4040 paam
648 3959 684 4020 ui
703 3955 812 4020 bellom
825 3959 989 4042 perardum
1011 3959 1172 4037 carenti,
1196 3969 1301 4021 saeros
1315 3957 1437 4041 preat
1445 3953 1625 4041 perduelles,
1648 3951 1755 4037 quibes
1773 3971 1887 4035 pare-

284 4065 347 4128 bat
376 4070 442 4152 r'pea
467 4065 661 4152 pestifera
692 4063 829 4152 (omisso
861 4065 1013 4132 uocabulo
1043 4069 1264 4148 multitado)
1292 4071 1338 4131 ire
1360 4087 1468 4152 pessus
1496 4086 1524 4130 es
1549 4063 1737 4150 profundam
1757 4059 1886 4145 famem.

285 4195 346 4260 quo
370 4178 421 4244 uel
444 4177 565 4263 turpius
589 4185 638 4242 est
661 4175 744 4260 qnod
759 4177 905 4244 Eumenii
920 4197 964 4242 or.
980 4198 1037 4264 pro
1060 4184 1193 4244 restaur.
1210 4177 1325 4243 scholis
1343 4182 1394 4259 15,
1420 4175 1575 4260 leptima
1597 4171 1755 4240 sententia
1776 4181 1888 4257 prena

372 4291 447 4352 inest
471 4291 512 4354 ad
540 4309 639 4352 omnes
667 4291 839 4354 scabrosam
866 4294 994 4376 impetes
1023 4290 1195 4377 pisanaque
1221 4311 1323 4352 reram
1352 4289 1470 4352 eandm
1499 4292 1548 4352 ιιιί
1575 4299 1663 4372 otpee
1684 4287 1832 4368 peractio
1855 4282 1888 4345 in

286 4397 519 4466 Carolirnheusi
541 4400 586 4464 ita
609 4406 756 4484 corrupta
778 4424 900 4487 q....
924 4405 947 4466 ι’.
972 4425 1000 4464 α.
1025 4425 1052 4466 o.
1077 4427 1106 4466 α.
1129 4405 1152 4466 ι’.
1176 4424 1200 4466 e.
1223 4422 1325 4465 reram
1348 4402 1451 4464 tietdo
1473 4401 1536 4461 seis
1558 4409 1646 4482 nepae
1660 4399 1750 4460 ettam
1766 4415 1889 4480 prore

283 4513 381 4576 arado
405 4513 535 4576 enarro
553 4534 610 4597 per
634 4512 766 4594 laegero
789 4511 871 4578 adeo
894 4511 1007 4594 arrisit,
1032 4519 1066 4575 ut
1089 4511 1185 4576 hasce
1201 4511 1275 4576 inde
1292 4510 1432 4576 effecerit
1455 4509 1592 4593 ineptias
1615 4531 1658 4593 p.
1678 4555 1686 4571 .
1705 4555 1738 4571 ..
1761 4509 1784 4570 ι’.
1808 4528 1837 4568 a.
1860 4528 1888 4568 o.

285 4647 314 4688 a.
337 4627 359 4687 ι’.
384 4644 408 4688 e.
431 4645 534 4688 rerem
556 4625 659 4687 rabado
683 4635 770 4708 caque
786 4628 874 4688 eiam
896 4627 959 4688 aare
976 4623 1181 4708 perrreouendo
1198 4625 1338 4686 oenatria.
1384 4639 1573 4703 quamquam
1589 4618 1666 4684 mihi
1686 4618 1756 4703 ipse
1772 4617 1891 4680 irascor

285 4733 368 4819 quod
391 4733 579 4819 reprehendi
602 4734 743 4800 homines
767 4740 840 4799 aute
864 4733 921 4799 hos
945 4741 1069 4798 centum
1092 4752 1192 4798 anuos
1215 4732 1316 4798 codio'i
1339 4751 1432 4797 manu
1462 4730 1580 4816 scripto
1603 4729 1672 4796 sine
1695 4727 1811 4814 iudicio
1834 4725 1888 4791 ad·

285 4845 396 4930 dictos,
421 4863 491 4911 cum
515 4845 641 4910 biennio
666 4844 780 4912 abhinc
803 4845 888 4910 baud
912 4844 1087 4928 sapientius
1110 4843 1278 4928 scriptores
1299 4841 1448 4910 historiae
1464 4843 1629 4926 Augustae
1645 4838 1818 4924 conoperit
1840 4839 1891 4902 cui

285 4957 433 5040 placebat
454 4957 639 5041 optimorum
661 4956 808 5023 librorum
831 4977 890 5042 par
912 4954 1040 5023 saeculo
1056 4975 1138 5022 nono
1161 4963 1193 5025 et
1215 4954 1338 5022 decimo
1361 4962 1524 5022 exaratum
1548 4951 1738 5038 posthabere
1761 4947 1891 5015 editioni
